Order ID,Customer ID,Category,Cookies Shipped,Revenue,Cost,Order Date,Ship Date,Order Status
254941,785432, Park & Eat LLC, $441.00 ," $2,205.00 "," $1,102.50 ",12/30/2019,1/4/2020,Shipped
135063,785432, Park & Eat LLC, $566.00 ," $2,830.00 "," $1,415.00 ",12/29/2019,1/3/2020,Shipped
546482,325698, Cascade Grovers, $102.00 , $510.00 , $255.00 ,12/30/2019,1/2/2020,Shipped
117498,452584, Acme Grocery Stores, $560.00 ," $2,800.00 "," $1,400.00 ",12/30/2019,1/1/2020,Shipped
677337,325698, Cascade Grovers, $432.00 ," $2,160.00 "," $1,080.00 ",12/28/2019,12/30/2019,Shipped
976219,785432, Park & Eat LLC, $377.00 ," $1,885.00 ", $942.50 ,12/25/2019,12/30/2019,Shipped
842879,152689, YT Restaurants, $669.00 ," $3,345.00 "," $1,672.50 ",12/25/2019,12/30/2019,Shipped
444253,152689, YT Restaurants, $331.00 ," $1,655.00 ", $827.50 ,12/25/2019,12/30/2019,Shipped
814511,152689, YT Restaurants, $419.00 ," $2,095.00 "," $1,047.50 ",12/24/2019,12/29/2019,Shipped
449936,785432, Park & Eat LLC, $856.00 ," $4,280.00 "," $2,140.00 ",12/23/2019,12/27/2019,Shipped
581638,985245, Quick Bite Convenience Stores, $220.00 ," $1,100.00 ", $550.00 ,12/22/2019,12/26/2019,Shipped
925471,985245, Quick Bite Convenience Stores, $932.00 ," $4,660.00 "," $2,330.00 ",12/22/2019,12/26/2019,Shipped
540958,152689, YT Restaurants, $284.00 ," $1,420.00 ", $710.00 ,12/21/2019,12/26/2019,Shipped
770586,152689, YT Restaurants, $666.00 ," $3,330.00 "," $1,665.00 ",12/21/2019,12/26/2019,Shipped
217061,325698, Cascade Grovers, $696.00 ," $3,480.00 "," $1,740.00 ",12/23/2019,12/25/2019,Shipped
920874,325698, Cascade Grovers, $758.00 ," $3,790.00 "," $1,895.00 ",12/22/2019,12/25/2019,Shipped
800930,152689, YT Restaurants, $123.00 , $615.00 , $307.50 ,12/20/2019,12/25/2019,Shipped
497571,325698, Cascade Grovers, $88.00 , $440.00 , $220.00 ,12/21/2019,12/24/2019,Shipped
590099,325698, Cascade Grovers, $486.00 ," $2,430.00 "," $1,215.00 ",12/21/2019,12/23/2019,Shipped
749043,785432, Park & Eat LLC, $841.00 ," $4,205.00 "," $2,102.50 ",12/18/2019,12/23/2019,Shipped
822138,325698, Cascade Grovers, $766.00 ," $3,830.00 "," $1,915.00 ",12/20/2019,12/22/2019,Shipped
233649,325698, Cascade Grovers, $619.00 ," $3,095.00 "," $1,547.50 ",12/19/2019,12/21/2019,Shipped
316393,325698, Cascade Grovers, $59.00 , $295.00 , $147.50 ,12/19/2019,12/21/2019,Shipped
917373,325698, Cascade Grovers, $81.00 , $405.00 , $202.50 ,12/19/2019,12/21/2019,Shipped
353461,985245, Quick Bite Convenience Stores, $780.00 ," $3,900.00 "," $1,950.00 ",12/18/2019,12/21/2019,Shipped
474397,152689, YT Restaurants, $745.00 ," $3,725.00 "," $1,862.50 ",12/15/2019,12/20/2019,Shipped
985401,325698, Cascade Grovers, $635.00 ," $3,175.00 "," $1,587.50 ",12/16/2019,12/19/2019,Shipped
982664,985245, Quick Bite Convenience Stores, $484.00 ," $2,420.00 "," $1,210.00 ",12/15/2019,12/19/2019,Shipped
287367,985245, Quick Bite Convenience Stores, $344.00 ," $1,720.00 ", $860.00 ,12/15/2019,12/19/2019,Shipped
530582,985245, Quick Bite Convenience Stores, $944.00 ," $4,720.00 "," $2,360.00 ",12/15/2019,12/19/2019,Shipped
933038,325698, Cascade Grovers, $593.00 ," $2,965.00 "," $1,482.50 ",12/16/2019,12/18/2019,Shipped
273543,985245, Quick Bite Convenience Stores, $932.00 ," $4,660.00 "," $2,330.00 ",12/14/2019,12/18/2019,Shipped
178573,985245, Quick Bite Convenience Stores, $498.00 ," $2,490.00 "," $1,245.00 ",12/14/2019,12/18/2019,Shipped
754527,985245, Quick Bite Convenience Stores, $516.00 ," $2,580.00 "," $1,290.00 ",12/14/2019,12/18/2019,Shipped
904112,452584, Acme Grocery Stores, $752.00 ," $3,760.00 "," $1,880.00 ",12/15/2019,12/17/2019,Shipped
341040,325698, Cascade Grovers, $336.00 ," $1,680.00 ", $840.00 ,12/15/2019,12/17/2019,Shipped
835654,325698, Cascade Grovers, $747.00 ," $3,735.00 "," $1,867.50 ",12/15/2019,12/17/2019,Shipped
533657,785432, Park & Eat LLC, $542.00 ," $2,710.00 "," $1,355.00 ",12/12/2019,12/16/2019,Shipped
639344,325698, Cascade Grovers, $304.00 ," $1,520.00 ", $760.00 ,12/12/2019,12/15/2019,Shipped
511887,985245, Quick Bite Convenience Stores, $412.00 ," $2,060.00 "," $1,030.00 ",12/12/2019,12/15/2019,Shipped
468780,785432, Park & Eat LLC, $483.00 ," $2,415.00 "," $1,207.50 ",12/11/2019,12/15/2019,Shipped
716846,325698, Cascade Grovers, $937.00 ," $4,685.00 "," $2,342.50 ",12/12/2019,12/14/2019,Shipped
324961,452584, Acme Grocery Stores, $213.00 ," $1,065.00 ", $532.50 ,12/11/2019,12/13/2019,Shipped
143468,325698, Cascade Grovers, $894.00 ," $4,470.00 "," $2,235.00 ",12/10/2019,12/13/2019,Shipped
367682,325698, Cascade Grovers, $804.00 ," $4,020.00 "," $2,010.00 ",12/9/2019,12/12/2019,Shipped
728576,985245, Quick Bite Convenience Stores, $429.00 ," $2,145.00 "," $1,072.50 ",12/8/2019,12/12/2019,Shipped
976354,985245, Quick Bite Convenience Stores, $227.00 ," $1,135.00 ", $567.50 ,12/8/2019,12/12/2019,Shipped
779652,785432, Park & Eat LLC, $251.00 ," $1,255.00 ", $627.50 ,12/7/2019,12/12/2019,Shipped
982745,325698, Cascade Grovers, $861.00 ," $4,305.00 "," $2,152.50 ",12/9/2019,12/11/2019,Shipped
680956,325698, Cascade Grovers, $598.00 ," $2,990.00 "," $1,495.00 ",12/9/2019,12/11/2019,Shipped
686937,452584, Acme Grocery Stores, $922.00 ," $4,610.00 "," $2,305.00 ",12/8/2019,12/10/2019,Shipped
619746,985245, Quick Bite Convenience Stores, $796.00 ," $3,980.00 "," $1,990.00 ",12/7/2019,12/10/2019,Shipped
717541,325698, Cascade Grovers, $790.00 ," $3,950.00 "," $1,975.00 ",12/7/2019,12/9/2019,Shipped
889527,325698, Cascade Grovers, $692.00 ," $3,460.00 "," $1,730.00 ",12/6/2019,12/8/2019,Shipped
900019,785432, Park & Eat LLC, $328.00 ," $1,640.00 ", $820.00 ,12/4/2019,12/8/2019,Shipped
766214,785432, Park & Eat LLC, $718.00 ," $3,590.00 "," $1,795.00 ",12/3/2019,12/8/2019,Shipped
848220,152689, YT Restaurants, $318.00 ," $1,590.00 ", $795.00 ,12/3/2019,12/8/2019,Shipped
113536,152689, YT Restaurants, $770.00 ," $3,850.00 "," $1,925.00 ",12/3/2019,12/8/2019,Shipped
130740,452584, Acme Grocery Stores, $345.00 ," $1,725.00 ", $862.50 ,12/5/2019,12/7/2019,Shipped
278111,452584, Acme Grocery Stores, $754.00 ," $3,770.00 "," $1,885.00 ",12/4/2019,12/6/2019,Shipped
253636,325698, Cascade Grovers, $770.00 ," $3,850.00 "," $1,925.00 ",12/4/2019,12/6/2019,Shipped
125749,325698, Cascade Grovers, $465.00 ," $2,325.00 "," $1,162.50 ",12/4/2019,12/6/2019,Shipped
270489,152689, YT Restaurants, $207.00 ," $1,035.00 ", $517.50 ,12/1/2019,12/6/2019,Shipped
651398,152689, YT Restaurants, $403.00 ," $2,015.00 "," $1,007.50 ",11/30/2019,12/5/2019,Shipped
441125,985245, Quick Bite Convenience Stores, $318.00 ," $1,590.00 ", $795.00 ,11/30/2019,12/4/2019,Shipped
487494,985245, Quick Bite Convenience Stores, $482.00 ," $2,410.00 "," $1,205.00 ",11/30/2019,12/4/2019,Shipped
908116,785432, Park & Eat LLC, $87.00 , $435.00 , $217.50 ,11/30/2019,12/4/2019,Shipped
257036,325698, Cascade Grovers, $366.00 ," $1,830.00 ", $915.00 ,12/1/2019,12/3/2019,Shipped
150495,325698, Cascade Grovers, $653.00 ," $3,265.00 "," $1,632.50 ",12/1/2019,12/3/2019,Shipped
799706,325698, Cascade Grovers, $280.00 ," $1,400.00 ", $700.00 ,11/30/2019,12/3/2019,Shipped
619901,325698, Cascade Grovers, $233.00 ," $1,165.00 ", $582.50 ,11/28/2019,11/30/2019,Shipped
271429,325698, Cascade Grovers, $831.00 ," $4,155.00 "," $2,077.50 ",11/28/2019,11/30/2019,Shipped
500782,985245, Quick Bite Convenience Stores, $802.00 ," $4,010.00 "," $2,005.00 ",11/27/2019,11/30/2019,Shipped
931747,152689, YT Restaurants, $486.00 ," $2,430.00 "," $1,215.00 ",11/24/2019,11/29/2019,Shipped
593344,325698, Cascade Grovers, $928.00 ," $4,640.00 "," $2,320.00 ",11/26/2019,11/28/2019,Shipped
152600,152689, YT Restaurants, $958.00 ," $4,790.00 "," $2,395.00 ",11/23/2019,11/28/2019,Shipped
366379,325698, Cascade Grovers, $385.00 ," $1,925.00 ", $962.50 ,11/25/2019,11/27/2019,Shipped
949248,785432, Park & Eat LLC, $646.00 ," $3,230.00 "," $1,615.00 ",11/22/2019,11/27/2019,Shipped
162413,152689, YT Restaurants, $58.00 , $290.00 , $145.00 ,11/22/2019,11/27/2019,Shipped
275047,325698, Cascade Grovers, $745.00 ," $3,725.00 "," $1,862.50 ",11/24/2019,11/26/2019,Shipped
131485,325698, Cascade Grovers, $450.00 ," $2,250.00 "," $1,125.00 ",11/24/2019,11/26/2019,Shipped
785975,325698, Cascade Grovers, $960.00 ," $4,800.00 "," $2,400.00 ",11/21/2019,11/25/2019,Shipped
653497,785432, Park & Eat LLC, $245.00 ," $1,225.00 ", $612.50 ,11/20/2019,11/25/2019,Shipped
634707,152689, YT Restaurants, $453.00 ," $2,265.00 "," $1,132.50 ",11/20/2019,11/25/2019,Shipped
265604,985245, Quick Bite Convenience Stores, $923.00 ," $4,615.00 "," $2,307.50 ",11/20/2019,11/24/2019,Shipped
381024,785432, Park & Eat LLC, $391.00 ," $1,955.00 ", $977.50 ,11/20/2019,11/24/2019,Shipped
943508,785432, Park & Eat LLC, $299.00 ," $1,495.00 ", $747.50 ,11/19/2019,11/24/2019,Shipped
528584,152689, YT Restaurants, $642.00 ," $3,210.00 "," $1,605.00 ",11/19/2019,11/24/2019,Shipped
245772,452584, Acme Grocery Stores, $138.00 , $690.00 , $345.00 ,11/21/2019,11/23/2019,Shipped
186174,325698, Cascade Grovers, $452.00 ," $2,260.00 "," $1,130.00 ",11/21/2019,11/23/2019,Shipped
223330,785432, Park & Eat LLC, $658.00 ," $3,290.00 "," $1,645.00 ",11/17/2019,11/22/2019,Shipped
873488,985245, Quick Bite Convenience Stores, $697.00 ," $3,485.00 "," $1,742.50 ",11/17/2019,11/21/2019,Shipped
850528,985245, Quick Bite Convenience Stores, $219.00 ," $1,095.00 ", $547.50 ,11/17/2019,11/20/2019,Shipped
611942,785432, Park & Eat LLC, $338.00 ," $1,690.00 ", $845.00 ,11/15/2019,11/20/2019,Shipped
856914,325698, Cascade Grovers, $815.00 ," $4,075.00 "," $2,037.50 ",11/17/2019,11/19/2019,Shipped
773401,152689, YT Restaurants, $329.00 ," $1,645.00 ", $822.50 ,11/14/2019,11/19/2019,Shipped
977809,152689, YT Restaurants, $495.00 ," $2,475.00 "," $1,237.50 ",11/14/2019,11/19/2019,Shipped
512813,325698, Cascade Grovers, $171.00 , $855.00 , $427.50 ,11/16/2019,11/18/2019,Shipped
930963,985245, Quick Bite Convenience Stores, $372.00 ," $1,860.00 ", $930.00 ,11/14/2019,11/18/2019,Shipped
761312,152689, YT Restaurants, $762.00 ," $3,810.00 "," $1,905.00 ",11/13/2019,11/18/2019,Shipped
531702,325698, Cascade Grovers, $366.00 ," $1,830.00 ", $915.00 ,11/14/2019,11/16/2019,Shipped
351306,785432, Park & Eat LLC, $385.00 ," $1,925.00 ", $962.50 ,11/12/2019,11/16/2019,Shipped
682223,785432, Park & Eat LLC, $262.00 ," $1,310.00 ", $655.00 ,11/12/2019,11/16/2019,Shipped
294232,325698, Cascade Grovers, $174.00 , $870.00 , $435.00 ,11/12/2019,11/15/2019,Shipped
112953,785432, Park & Eat LLC, $697.00 ," $3,485.00 "," $1,742.50 ",11/11/2019,11/15/2019,Shipped
884365,152689, YT Restaurants, $251.00 ," $1,255.00 ", $627.50 ,11/10/2019,11/15/2019,Shipped
171954,152689, YT Restaurants, $537.00 ," $2,685.00 "," $1,342.50 ",11/10/2019,11/15/2019,Shipped
410390,785432, Park & Eat LLC, $748.00 ," $3,740.00 "," $1,870.00 ",11/9/2019,11/14/2019,Shipped
631974,785432, Park & Eat LLC, $630.00 ," $3,150.00 "," $1,575.00 ",11/9/2019,11/14/2019,Shipped
111037,985245, Quick Bite Convenience Stores, $360.00 ," $1,800.00 ", $900.00 ,11/9/2019,11/13/2019,Shipped
577742,985245, Quick Bite Convenience Stores, $323.00 ," $1,615.00 ", $807.50 ,11/9/2019,11/13/2019,Shipped
802648,785432, Park & Eat LLC, $485.00 ," $2,425.00 "," $1,212.50 ",11/8/2019,11/13/2019,Shipped
739541,325698, Cascade Grovers, $229.00 ," $1,145.00 ", $572.50 ,11/10/2019,11/12/2019,Shipped
283961,985245, Quick Bite Convenience Stores, $109.00 , $545.00 , $272.50 ,11/8/2019,11/12/2019,Shipped
455704,325698, Cascade Grovers, $878.00 ," $4,390.00 "," $2,195.00 ",11/8/2019,11/10/2019,Shipped
213160,985245, Quick Bite Convenience Stores, $769.00 ," $3,845.00 "," $1,922.50 ",11/6/2019,11/10/2019,Shipped
179818,152689, YT Restaurants, $238.00 ," $1,190.00 ", $595.00 ,11/5/2019,11/10/2019,Shipped
309977,152689, YT Restaurants, $556.00 ," $2,780.00 "," $1,390.00 ",11/5/2019,11/10/2019,Shipped
574909,325698, Cascade Grovers, $249.00 ," $1,245.00 ", $622.50 ,11/7/2019,11/9/2019,Shipped
461771,152689, YT Restaurants, $259.00 ," $1,295.00 ", $647.50 ,11/4/2019,11/9/2019,Shipped
257534,325698, Cascade Grovers, $897.00 ," $4,485.00 "," $2,242.50 ",11/6/2019,11/8/2019,Shipped
240525,985245, Quick Bite Convenience Stores, $292.00 ," $1,460.00 ", $730.00 ,11/4/2019,11/8/2019,Shipped
161268,152689, YT Restaurants, $326.00 ," $1,630.00 ", $815.00 ,11/3/2019,11/8/2019,Shipped
358505,985245, Quick Bite Convenience Stores, $406.00 ," $2,030.00 "," $1,015.00 ",11/3/2019,11/7/2019,Shipped
989761,152689, YT Restaurants, $660.00 ," $3,300.00 "," $1,650.00 ",11/2/2019,11/7/2019,Shipped
842981,325698, Cascade Grovers, $77.00 , $385.00 , $192.50 ,11/4/2019,11/6/2019,Shipped
286572,985245, Quick Bite Convenience Stores, $814.00 ," $4,070.00 "," $2,035.00 ",11/2/2019,11/6/2019,Shipped
958580,325698, Cascade Grovers, $308.00 ," $1,540.00 ", $770.00 ,11/3/2019,11/5/2019,Shipped
713293,325698, Cascade Grovers, $575.00 ," $2,875.00 "," $1,437.50 ",11/2/2019,11/5/2019,Shipped
890797,985245, Quick Bite Convenience Stores, $196.00 , $980.00 , $490.00 ,11/1/2019,11/5/2019,Shipped
787717,152689, YT Restaurants, $616.00 ," $3,080.00 "," $1,540.00 ",10/31/2019,11/5/2019,Shipped
490281,325698, Cascade Grovers, $352.00 ," $1,760.00 ", $880.00 ,11/1/2019,11/4/2019,Shipped
362101,785432, Park & Eat LLC, $177.00 , $885.00 , $442.50 ,10/31/2019,11/4/2019,Shipped
784781,152689, YT Restaurants, $255.00 ," $1,275.00 ", $637.50 ,10/30/2019,11/4/2019,Shipped
517097,325698, Cascade Grovers, $158.00 , $790.00 , $395.00 ,11/1/2019,11/3/2019,Shipped
784877,325698, Cascade Grovers, $597.00 ," $2,985.00 "," $1,492.50 ",10/31/2019,11/3/2019,Shipped
961134,325698, Cascade Grovers, $925.00 ," $4,625.00 "," $2,312.50 ",10/31/2019,11/2/2019,Shipped
404380,152689, YT Restaurants, $901.00 ," $4,505.00 "," $2,252.50 ",10/27/2019,11/1/2019,Shipped
686238,785432, Park & Eat LLC, $961.00 ," $4,805.00 "," $2,402.50 ",10/26/2019,10/31/2019,Shipped
678633,152689, YT Restaurants, $739.00 ," $3,695.00 "," $1,847.50 ",10/26/2019,10/31/2019,Shipped
292457,325698, Cascade Grovers, $284.00 ," $1,420.00 ", $710.00 ,10/28/2019,10/30/2019,Shipped
476117,785432, Park & Eat LLC, $269.00 ," $1,345.00 ", $672.50 ,10/25/2019,10/30/2019,Shipped
498604,785432, Park & Eat LLC, $578.00 ," $2,890.00 "," $1,445.00 ",10/25/2019,10/30/2019,Shipped
919956,985245, Quick Bite Convenience Stores, $775.00 ," $3,875.00 "," $1,937.50 ",10/26/2019,10/29/2019,Shipped
412809,325698, Cascade Grovers, $566.00 ," $2,830.00 "," $1,415.00 ",10/25/2019,10/28/2019,Shipped
845342,985245, Quick Bite Convenience Stores, $922.00 ," $4,610.00 "," $2,305.00 ",10/24/2019,10/28/2019,Shipped
186135,985245, Quick Bite Convenience Stores, $814.00 ," $4,070.00 "," $2,035.00 ",10/24/2019,10/28/2019,Shipped
979510,785432, Park & Eat LLC, $313.00 ," $1,565.00 ", $782.50 ,10/23/2019,10/28/2019,Shipped
807735,152689, YT Restaurants, $957.00 ," $4,785.00 "," $2,392.50 ",10/23/2019,10/28/2019,Shipped
796665,152689, YT Restaurants, $344.00 ," $1,720.00 ", $860.00 ,10/23/2019,10/28/2019,Shipped
726103,325698, Cascade Grovers, $263.00 ," $1,315.00 ", $657.50 ,10/25/2019,10/27/2019,Shipped
953387,325698, Cascade Grovers, $97.00 , $485.00 , $242.50 ,10/24/2019,10/27/2019,Shipped
587024,985245, Quick Bite Convenience Stores, $604.00 ," $3,020.00 "," $1,510.00 ",10/23/2019,10/27/2019,Shipped
614298,325698, Cascade Grovers, $380.00 ," $1,900.00 ", $950.00 ,10/24/2019,10/26/2019,Shipped
120299,325698, Cascade Grovers, $423.00 ," $2,115.00 "," $1,057.50 ",10/24/2019,10/26/2019,Shipped
829431,985245, Quick Bite Convenience Stores, $245.00 ," $1,225.00 ", $612.50 ,10/21/2019,10/25/2019,Shipped
930465,785432, Park & Eat LLC, $835.00 ," $4,175.00 "," $2,087.50 ",10/21/2019,10/25/2019,Shipped
473257,785432, Park & Eat LLC, $633.00 ," $3,165.00 "," $1,582.50 ",10/20/2019,10/25/2019,Shipped
214019,452584, Acme Grocery Stores, $923.00 ," $4,615.00 "," $2,307.50 ",10/22/2019,10/24/2019,Shipped
226405,325698, Cascade Grovers, $590.00 ," $2,950.00 "," $1,475.00 ",10/22/2019,10/24/2019,Shipped
797836,325698, Cascade Grovers, $229.00 ," $1,145.00 ", $572.50 ,10/21/2019,10/23/2019,Shipped
758575,325698, Cascade Grovers, $238.00 ," $1,190.00 ", $595.00 ,10/20/2019,10/22/2019,Shipped
793523,325698, Cascade Grovers, $738.00 ," $3,690.00 "," $1,845.00 ",10/20/2019,10/22/2019,Shipped
330390,985245, Quick Bite Convenience Stores, $136.00 , $680.00 , $340.00 ,10/19/2019,10/22/2019,Shipped
459749,985245, Quick Bite Convenience Stores, $585.00 ," $2,925.00 "," $1,462.50 ",10/18/2019,10/22/2019,Shipped
704302,152689, YT Restaurants, $469.00 ," $2,345.00 "," $1,172.50 ",10/15/2019,10/21/2019,Shipped
302491,985245, Quick Bite Convenience Stores, $668.00 ," $3,340.00 "," $1,670.00 ",10/16/2019,10/20/2019,Shipped
354196,785432, Park & Eat LLC, $343.00 ," $1,715.00 ", $857.50 ,10/15/2019,10/20/2019,Shipped
365626,785432, Park & Eat LLC, $100.00 , $500.00 , $250.00 ,10/15/2019,10/20/2019,Shipped
449940,985245, Quick Bite Convenience Stores, $404.00 ," $2,020.00 "," $1,010.00 ",10/15/2019,10/19/2019,Shipped
659072,985245, Quick Bite Convenience Stores, $67.00 , $335.00 , $167.50 ,10/15/2019,10/19/2019,Shipped
226522,152689, YT Restaurants, $162.00 , $810.00 , $405.00 ,10/13/2019,10/18/2019,Shipped
643770,452584, Acme Grocery Stores, $857.00 ," $4,285.00 "," $2,142.50 ",10/15/2019,10/17/2019,Shipped
721540,985245, Quick Bite Convenience Stores, $215.00 ," $1,075.00 ", $537.50 ,10/14/2019,10/17/2019,Shipped
797336,325698, Cascade Grovers, $269.00 ," $1,345.00 ", $672.50 ,10/14/2019,10/16/2019,Shipped
564810,325698, Cascade Grovers, $508.00 ," $2,540.00 "," $1,270.00 ",10/13/2019,10/16/2019,Shipped
863398,785432, Park & Eat LLC, $369.00 ," $1,845.00 ", $922.50 ,10/11/2019,10/15/2019,Shipped
405943,152689, YT Restaurants, $825.00 ," $4,125.00 "," $2,062.50 ",10/10/2019,10/15/2019,Shipped
960707,152689, YT Restaurants, $981.00 ," $4,905.00 "," $2,452.50 ",10/10/2019,10/15/2019,Shipped
310202,452584, Acme Grocery Stores, $514.00 ," $2,570.00 "," $1,285.00 ",10/12/2019,10/14/2019,Shipped
480409,785432, Park & Eat LLC, $339.00 ," $1,695.00 ", $847.50 ,10/9/2019,10/14/2019,Shipped
760452,152689, YT Restaurants, $312.00 ," $1,560.00 ", $780.00 ,10/9/2019,10/14/2019,Shipped
744796,152689, YT Restaurants, $226.00 ," $1,130.00 ", $565.00 ,10/9/2019,10/14/2019,Shipped
314698,325698, Cascade Grovers, $314.00 ," $1,570.00 ", $785.00 ,10/11/2019,10/13/2019,Shipped
917798,985245, Quick Bite Convenience Stores, $600.00 ," $3,000.00 "," $1,500.00 ",10/10/2019,10/13/2019,Shipped
172383,985245, Quick Bite Convenience Stores, $505.00 ," $2,525.00 "," $1,262.50 ",10/9/2019,10/13/2019,Shipped
285536,785432, Park & Eat LLC, $336.00 ," $1,680.00 ", $840.00 ,10/8/2019,10/13/2019,Shipped
916859,452584, Acme Grocery Stores, $616.00 ," $3,080.00 "," $1,540.00 ",10/10/2019,10/12/2019,Shipped
840033,325698, Cascade Grovers, $428.00 ," $2,140.00 "," $1,070.00 ",10/10/2019,10/12/2019,Shipped
911653,985245, Quick Bite Convenience Stores, $418.00 ," $2,090.00 "," $1,045.00 ",10/8/2019,10/12/2019,Shipped
290854,985245, Quick Bite Convenience Stores, $173.00 , $865.00 , $432.50 ,10/8/2019,10/12/2019,Shipped
994136,325698, Cascade Grovers, $493.00 ," $2,465.00 "," $1,232.50 ",10/9/2019,10/11/2019,Shipped
278761,152689, YT Restaurants, $612.00 ," $3,060.00 "," $1,530.00 ",10/6/2019,10/11/2019,Shipped
747466,325698, Cascade Grovers, $614.00 ," $3,070.00 "," $1,535.00 ",10/8/2019,10/10/2019,Shipped
825947,985245, Quick Bite Convenience Stores, $903.00 ," $4,515.00 "," $2,257.50 ",10/5/2019,10/9/2019,Shipped
303996,452584, Acme Grocery Stores, $155.00 , $775.00 , $387.50 ,10/6/2019,10/8/2019,Shipped
516335,152689, YT Restaurants, $633.00 ," $3,165.00 "," $1,582.50 ",10/3/2019,10/8/2019,Shipped
505829,785432, Park & Eat LLC, $940.00 ," $4,700.00 "," $2,350.00 ",10/2/2019,10/7/2019,Shipped
194107,152689, YT Restaurants, $333.00 ," $1,665.00 ", $832.50 ,10/2/2019,10/7/2019,Shipped
667198,785432, Park & Eat LLC, $577.00 ," $2,885.00 "," $1,442.50 ",10/1/2019,10/6/2019,Shipped
805493,452584, Acme Grocery Stores, $734.00 ," $3,670.00 "," $1,835.00 ",10/3/2019,10/5/2019,Shipped
299303,325698, Cascade Grovers, $959.00 ," $4,795.00 "," $2,397.50 ",10/3/2019,10/5/2019,Shipped
135594,152689, YT Restaurants, $623.00 ," $3,115.00 "," $1,557.50 ",9/30/2019,10/5/2019,Shipped
412250,152689, YT Restaurants, $578.00 ," $2,890.00 "," $1,445.00 ",9/30/2019,10/5/2019,Shipped
757506,152689, YT Restaurants, $236.00 ," $1,180.00 ", $590.00 ,9/30/2019,10/5/2019,Shipped
195176,785432, Park & Eat LLC, $78.00 , $390.00 , $195.00 ,9/29/2019,10/4/2019,Shipped
424927,152689, YT Restaurants, $774.00 ," $3,870.00 "," $1,935.00 ",9/29/2019,10/4/2019,Shipped
718833,325698, Cascade Grovers, $840.00 ," $4,200.00 "," $2,100.00 ",10/1/2019,10/3/2019,Shipped
972601,325698, Cascade Grovers, $249.00 ," $1,245.00 ", $622.50 ,9/30/2019,10/3/2019,Shipped
870893,785432, Park & Eat LLC, $512.00 ," $2,560.00 "," $1,280.00 ",9/28/2019,10/3/2019,Shipped
747519,152689, YT Restaurants, $331.00 ," $1,655.00 ", $827.50 ,9/28/2019,10/3/2019,Shipped
976135,152689, YT Restaurants, $274.00 ," $1,370.00 ", $685.00 ,9/28/2019,10/3/2019,Shipped
853845,985245, Quick Bite Convenience Stores, $946.00 ," $4,730.00 "," $2,365.00 ",9/28/2019,10/2/2019,Shipped
344802,325698, Cascade Grovers, $588.00 ," $2,940.00 "," $1,470.00 ",9/29/2019,10/1/2019,Shipped
492224,325698, Cascade Grovers, $990.00 ," $4,950.00 "," $2,475.00 ",9/29/2019,10/1/2019,Shipped
644402,985245, Quick Bite Convenience Stores, $697.00 ," $3,485.00 "," $1,742.50 ",9/27/2019,10/1/2019,Shipped
845397,785432, Park & Eat LLC, $891.00 ," $4,455.00 "," $2,227.50 ",9/26/2019,10/1/2019,Shipped
272470,452584, Acme Grocery Stores, $296.00 ," $1,480.00 ", $740.00 ,9/28/2019,9/30/2019,Shipped
747094,325698, Cascade Grovers, $851.00 ," $4,255.00 "," $2,127.50 ",9/28/2019,9/30/2019,Shipped
663741,152689, YT Restaurants, $311.00 ," $1,555.00 ", $777.50 ,9/25/2019,9/30/2019,Shipped
841929,785432, Park & Eat LLC, $774.00 ," $3,870.00 "," $1,935.00 ",9/24/2019,9/29/2019,Shipped
289201,985245, Quick Bite Convenience Stores, $450.00 ," $2,250.00 "," $1,125.00 ",9/23/2019,9/27/2019,Shipped
159499,785432, Park & Eat LLC, $287.00 ," $1,435.00 ", $717.50 ,9/22/2019,9/26/2019,Shipped
872821,785432, Park & Eat LLC, $614.00 ," $3,070.00 "," $1,535.00 ",9/21/2019,9/26/2019,Shipped
955657,152689, YT Restaurants, $339.00 ," $1,695.00 ", $847.50 ,9/21/2019,9/26/2019,Shipped
732223,152689, YT Restaurants, $921.00 ," $4,605.00 "," $2,302.50 ",9/20/2019,9/25/2019,Shipped
670839,325698, Cascade Grovers, $435.00 ," $2,175.00 "," $1,087.50 ",9/21/2019,9/24/2019,Shipped
993663,985245, Quick Bite Convenience Stores, $392.00 ," $1,960.00 ", $980.00 ,9/21/2019,9/24/2019,Shipped
271203,985245, Quick Bite Convenience Stores, $869.00 ," $4,345.00 "," $2,172.50 ",9/20/2019,9/24/2019,Shipped
484697,985245, Quick Bite Convenience Stores, $217.00 ," $1,085.00 ", $542.50 ,9/18/2019,9/22/2019,Shipped
531530,152689, YT Restaurants, $65.00 , $325.00 , $162.50 ,9/17/2019,9/22/2019,Shipped
312589,325698, Cascade Grovers, $713.00 ," $3,565.00 "," $1,782.50 ",9/19/2019,9/21/2019,Shipped
836721,985245, Quick Bite Convenience Stores, $476.00 ," $2,380.00 "," $1,190.00 ",9/17/2019,9/21/2019,Shipped
927686,152689, YT Restaurants, $314.00 ," $1,570.00 ", $785.00 ,9/16/2019,9/21/2019,Shipped
780102,325698, Cascade Grovers, $229.00 ," $1,145.00 ", $572.50 ,9/18/2019,9/20/2019,Shipped
131673,985245, Quick Bite Convenience Stores, $449.00 ," $2,245.00 "," $1,122.50 ",9/17/2019,9/20/2019,Shipped
869611,152689, YT Restaurants, $758.00 ," $3,790.00 "," $1,895.00 ",9/15/2019,9/20/2019,Shipped
628147,452584, Acme Grocery Stores, $589.00 ," $2,945.00 "," $1,472.50 ",9/17/2019,9/19/2019,Shipped
392968,452584, Acme Grocery Stores, $367.00 ," $1,835.00 ", $917.50 ,9/17/2019,9/19/2019,Shipped
505941,152689, YT Restaurants, $750.00 ," $3,750.00 "," $1,875.00 ",9/14/2019,9/19/2019,Shipped
708881,985245, Quick Bite Convenience Stores, $390.00 ," $1,950.00 ", $975.00 ,9/14/2019,9/18/2019,Shipped
495420,152689, YT Restaurants, $317.00 ," $1,585.00 ", $792.50 ,9/13/2019,9/18/2019,Shipped
414788,325698, Cascade Grovers, $708.00 ," $3,540.00 "," $1,770.00 ",9/15/2019,9/17/2019,Shipped
750777,785432, Park & Eat LLC, $62.00 , $310.00 , $155.00 ,9/12/2019,9/17/2019,Shipped
323276,325698, Cascade Grovers, $810.00 ," $4,050.00 "," $2,025.00 ",9/14/2019,9/16/2019,Shipped
697688,985245, Quick Bite Convenience Stores, $188.00 , $940.00 , $470.00 ,9/12/2019,9/16/2019,Shipped
733011,785432, Park & Eat LLC, $823.00 ," $4,115.00 "," $2,057.50 ",9/11/2019,9/16/2019,Shipped
495197,985245, Quick Bite Convenience Stores, $881.00 ," $4,405.00 "," $2,202.50 ",9/11/2019,9/15/2019,Shipped
641917,785432, Park & Eat LLC, $68.00 , $340.00 , $170.00 ,9/11/2019,9/15/2019,Shipped
181674,325698, Cascade Grovers, $765.00 ," $3,825.00 "," $1,912.50 ",9/12/2019,9/14/2019,Shipped
857040,985245, Quick Bite Convenience Stores, $361.00 ," $1,805.00 ", $902.50 ,9/10/2019,9/14/2019,Shipped
885887,985245, Quick Bite Convenience Stores, $493.00 ," $2,465.00 "," $1,232.50 ",9/10/2019,9/14/2019,Shipped
342812,985245, Quick Bite Convenience Stores, $426.00 ," $2,130.00 "," $1,065.00 ",9/10/2019,9/14/2019,Shipped
279437,325698, Cascade Grovers, $156.00 , $780.00 , $390.00 ,9/11/2019,9/13/2019,Shipped
764877,325698, Cascade Grovers, $57.00 , $285.00 , $142.50 ,9/10/2019,9/13/2019,Shipped
945675,785432, Park & Eat LLC, $216.00 ," $1,080.00 ", $540.00 ,9/9/2019,9/13/2019,Shipped
723791,152689, YT Restaurants, $314.00 ," $1,570.00 ", $785.00 ,9/8/2019,9/13/2019,Shipped
154861,452584, Acme Grocery Stores, $154.00 , $770.00 , $385.00 ,9/10/2019,9/12/2019,Shipped
144504,325698, Cascade Grovers, $891.00 ," $4,455.00 "," $2,227.50 ",9/9/2019,9/12/2019,Shipped
963819,325698, Cascade Grovers, $206.00 ," $1,030.00 ", $515.00 ,9/9/2019,9/11/2019,Shipped
310236,325698, Cascade Grovers, $129.00 , $645.00 , $322.50 ,9/8/2019,9/10/2019,Shipped
544716,985245, Quick Bite Convenience Stores, $817.00 ," $4,085.00 "," $2,042.50 ",9/5/2019,9/9/2019,Shipped
927604,152689, YT Restaurants, $615.00 ," $3,075.00 "," $1,537.50 ",9/4/2019,9/9/2019,Shipped
617835,785432, Park & Eat LLC, $638.00 ," $3,190.00 "," $1,595.00 ",9/3/2019,9/8/2019,Shipped
884132,785432, Park & Eat LLC, $543.00 ," $2,715.00 "," $1,357.50 ",9/3/2019,9/8/2019,Shipped
785836,325698, Cascade Grovers, $407.00 ," $2,035.00 "," $1,017.50 ",9/5/2019,9/7/2019,Shipped
823492,985245, Quick Bite Convenience Stores, $176.00 , $880.00 , $440.00 ,9/3/2019,9/7/2019,Shipped
268820,152689, YT Restaurants, $517.00 ," $2,585.00 "," $1,292.50 ",9/2/2019,9/7/2019,Shipped
810987,325698, Cascade Grovers, $376.00 ," $1,880.00 ", $940.00 ,9/3/2019,9/5/2019,Shipped
928963,325698, Cascade Grovers, $101.00 , $505.00 , $252.50 ,9/2/2019,9/4/2019,Shipped
679008,325698, Cascade Grovers, $355.00 ," $1,775.00 ", $887.50 ,9/2/2019,9/4/2019,Shipped
156742,325698, Cascade Grovers, $149.00 , $745.00 , $372.50 ,9/2/2019,9/4/2019,Shipped
739370,325698, Cascade Grovers, $925.00 ," $4,625.00 "," $2,312.50 ",9/2/2019,9/4/2019,Shipped
944138,985245, Quick Bite Convenience Stores, $784.00 ," $3,920.00 "," $1,960.00 ",8/31/2019,9/4/2019,Shipped
863137,325698, Cascade Grovers, $243.00 ," $1,215.00 ", $607.50 ,9/1/2019,9/3/2019,Shipped
858325,985245, Quick Bite Convenience Stores, $778.00 ," $3,890.00 "," $1,945.00 ",8/30/2019,9/3/2019,Shipped
921476,985245, Quick Bite Convenience Stores, $402.00 ," $2,010.00 "," $1,005.00 ",8/29/2019,9/2/2019,Shipped
294041,785432, Park & Eat LLC, $767.00 ," $3,835.00 "," $1,917.50 ",8/27/2019,8/31/2019,Shipped
557150,785432, Park & Eat LLC, $854.00 ," $4,270.00 "," $2,135.00 ",8/26/2019,8/31/2019,Shipped
411378,152689, YT Restaurants, $357.00 ," $1,785.00 ", $892.50 ,8/26/2019,8/31/2019,Shipped
860579,325698, Cascade Grovers, $770.00 ," $3,850.00 "," $1,925.00 ",8/28/2019,8/30/2019,Shipped
321832,785432, Park & Eat LLC, $361.00 ," $1,805.00 ", $902.50 ,8/25/2019,8/30/2019,Shipped
179462,785432, Park & Eat LLC, $719.00 ," $3,595.00 "," $1,797.50 ",8/25/2019,8/30/2019,Shipped
563236,785432, Park & Eat LLC, $291.00 ," $1,455.00 ", $727.50 ,8/24/2019,8/28/2019,Shipped
237562,785432, Park & Eat LLC, $909.00 ," $4,545.00 "," $2,272.50 ",8/23/2019,8/28/2019,Shipped
820803,152689, YT Restaurants, $461.00 ," $2,305.00 "," $1,152.50 ",8/23/2019,8/28/2019,Shipped
484079,325698, Cascade Grovers, $183.00 , $915.00 , $457.50 ,8/25/2019,8/27/2019,Shipped
510966,325698, Cascade Grovers, $207.00 ," $1,035.00 ", $517.50 ,8/25/2019,8/27/2019,Shipped
311450,785432, Park & Eat LLC, $377.00 ," $1,885.00 ", $942.50 ,8/22/2019,8/27/2019,Shipped
181909,785432, Park & Eat LLC, $987.00 ," $4,935.00 "," $2,467.50 ",8/22/2019,8/27/2019,Shipped
486740,985245, Quick Bite Convenience Stores, $339.00 ," $1,695.00 ", $847.50 ,8/22/2019,8/26/2019,Shipped
675958,325698, Cascade Grovers, $176.00 , $880.00 , $440.00 ,8/23/2019,8/25/2019,Shipped
171664,325698, Cascade Grovers, $108.00 , $540.00 , $270.00 ,8/22/2019,8/24/2019,Shipped
362112,985245, Quick Bite Convenience Stores, $710.00 ," $3,550.00 "," $1,775.00 ",8/20/2019,8/24/2019,Shipped
755746,985245, Quick Bite Convenience Stores, $81.00 , $405.00 , $202.50 ,8/20/2019,8/24/2019,Shipped
153956,152689, YT Restaurants, $510.00 ," $2,550.00 "," $1,275.00 ",8/19/2019,8/24/2019,Shipped
561259,152689, YT Restaurants, $142.00 , $710.00 , $355.00 ,8/19/2019,8/24/2019,Shipped
822119,325698, Cascade Grovers, $207.00 ," $1,035.00 ", $517.50 ,8/20/2019,8/23/2019,Shipped
827374,785432, Park & Eat LLC, $613.00 ," $3,065.00 "," $1,532.50 ",8/19/2019,8/23/2019,Shipped
830322,325698, Cascade Grovers, $564.00 ," $2,820.00 "," $1,410.00 ",8/20/2019,8/22/2019,Shipped
724914,325698, Cascade Grovers, $975.00 ," $4,875.00 "," $2,437.50 ",8/19/2019,8/22/2019,Shipped
379940,785432, Park & Eat LLC, $773.00 ," $3,865.00 "," $1,932.50 ",8/17/2019,8/22/2019,Shipped
888831,152689, YT Restaurants, $546.00 ," $2,730.00 "," $1,365.00 ",8/17/2019,8/22/2019,Shipped
873266,325698, Cascade Grovers, $830.00 ," $4,150.00 "," $2,075.00 ",8/19/2019,8/21/2019,Shipped
296581,785432, Park & Eat LLC, $423.00 ," $2,115.00 "," $1,057.50 ",8/17/2019,8/21/2019,Shipped
152834,785432, Park & Eat LLC, $262.00 ," $1,310.00 ", $655.00 ,8/16/2019,8/21/2019,Shipped
544884,325698, Cascade Grovers, $995.00 ," $4,975.00 "," $2,487.50 ",8/18/2019,8/20/2019,Shipped
108129,452584, Acme Grocery Stores, $434.00 ," $2,170.00 "," $1,085.00 ",8/17/2019,8/19/2019,Shipped
281119,325698, Cascade Grovers, $206.00 ," $1,030.00 ", $515.00 ,8/17/2019,8/19/2019,Shipped
924244,152689, YT Restaurants, $704.00 ," $3,520.00 "," $1,760.00 ",8/13/2019,8/18/2019,Shipped
227411,325698, Cascade Grovers, $427.00 ," $2,135.00 "," $1,067.50 ",8/14/2019,8/16/2019,Shipped
574202,785432, Park & Eat LLC, $840.00 ," $4,200.00 "," $2,100.00 ",8/10/2019,8/15/2019,Shipped
988846,325698, Cascade Grovers, $966.00 ," $4,830.00 "," $2,415.00 ",8/10/2019,8/13/2019,Shipped
607706,985245, Quick Bite Convenience Stores, $762.00 ," $3,810.00 "," $1,905.00 ",8/9/2019,8/13/2019,Shipped
622102,152689, YT Restaurants, $343.00 ," $1,715.00 ", $857.50 ,8/7/2019,8/12/2019,Shipped
688765,985245, Quick Bite Convenience Stores, $545.00 ," $2,725.00 "," $1,362.50 ",8/8/2019,8/11/2019,Shipped
534660,985245, Quick Bite Convenience Stores, $424.00 ," $2,120.00 "," $1,060.00 ",8/7/2019,8/11/2019,Shipped
854637,152689, YT Restaurants, $682.00 ," $3,410.00 "," $1,705.00 ",8/5/2019,8/10/2019,Shipped
792917,985245, Quick Bite Convenience Stores, $891.00 ," $4,455.00 "," $2,227.50 ",8/5/2019,8/9/2019,Shipped
392590,452584, Acme Grocery Stores, $349.00 ," $1,745.00 ", $872.50 ,8/6/2019,8/8/2019,Shipped
455247,785432, Park & Eat LLC, $257.00 ," $1,285.00 ", $642.50 ,8/3/2019,8/7/2019,Shipped
873798,785432, Park & Eat LLC, $294.00 ," $1,470.00 ", $735.00 ,8/2/2019,8/7/2019,Shipped
409261,325698, Cascade Grovers, $125.00 , $625.00 , $312.50 ,8/4/2019,8/6/2019,Shipped
156143,985245, Quick Bite Convenience Stores, $818.00 ," $4,090.00 "," $2,045.00 ",8/2/2019,8/6/2019,Shipped
313845,785432, Park & Eat LLC, $363.00 ," $1,815.00 ", $907.50 ,8/1/2019,8/6/2019,Shipped
888610,785432, Park & Eat LLC, $817.00 ," $4,085.00 "," $2,042.50 ",8/1/2019,8/6/2019,Shipped
525345,325698, Cascade Grovers, $413.00 ," $2,065.00 "," $1,032.50 ",8/3/2019,8/5/2019,Shipped
671994,325698, Cascade Grovers, $800.00 ," $4,000.00 "," $2,000.00 ",8/3/2019,8/5/2019,Shipped
854710,785432, Park & Eat LLC, $538.00 ," $2,690.00 "," $1,345.00 ",7/31/2019,8/5/2019,Shipped
674458,985245, Quick Bite Convenience Stores, $772.00 ," $3,860.00 "," $1,930.00 ",8/1/2019,8/4/2019,Shipped
107775,325698, Cascade Grovers, $208.00 ," $1,040.00 ", $520.00 ,7/31/2019,8/2/2019,Shipped
478505,985245, Quick Bite Convenience Stores, $416.00 ," $2,080.00 "," $1,040.00 ",7/29/2019,8/1/2019,Shipped
322061,785432, Park & Eat LLC, $598.00 ," $2,990.00 "," $1,495.00 ",7/27/2019,8/1/2019,Shipped
655498,152689, YT Restaurants, $83.00 , $415.00 , $207.50 ,7/27/2019,8/1/2019,Shipped
580201,152689, YT Restaurants, $414.00 ," $2,070.00 "," $1,035.00 ",7/27/2019,8/1/2019,Shipped
632199,152689, YT Restaurants, $353.00 ," $1,765.00 ", $882.50 ,7/27/2019,8/1/2019,Shipped
814196,152689, YT Restaurants, $55.00 , $275.00 , $137.50 ,7/27/2019,8/1/2019,Shipped
772141,985245, Quick Bite Convenience Stores, $260.00 ," $1,300.00 ", $650.00 ,7/28/2019,7/31/2019,Shipped
980342,785432, Park & Eat LLC, $969.00 ," $4,845.00 "," $2,422.50 ",7/26/2019,7/31/2019,Shipped
447348,325698, Cascade Grovers, $495.00 ," $2,475.00 "," $1,237.50 ",7/28/2019,7/30/2019,Shipped
134900,325698, Cascade Grovers, $119.00 , $595.00 , $297.50 ,7/27/2019,7/29/2019,Shipped
622044,985245, Quick Bite Convenience Stores, $525.00 ," $2,625.00 "," $1,312.50 ",7/26/2019,7/29/2019,Shipped
816144,152689, YT Restaurants, $632.00 ," $3,160.00 "," $1,580.00 ",7/24/2019,7/29/2019,Shipped
954686,152689, YT Restaurants, $141.00 , $705.00 , $352.50 ,7/24/2019,7/29/2019,Shipped
462264,152689, YT Restaurants, $592.00 ," $2,960.00 "," $1,480.00 ",7/24/2019,7/29/2019,Shipped
413630,452584, Acme Grocery Stores, $230.00 ," $1,150.00 ", $575.00 ,7/26/2019,7/28/2019,Shipped
457493,985245, Quick Bite Convenience Stores, $538.00 ," $2,690.00 "," $1,345.00 ",7/23/2019,7/27/2019,Shipped
527180,325698, Cascade Grovers, $478.00 ," $2,390.00 "," $1,195.00 ",7/23/2019,7/26/2019,Shipped
866928,785432, Park & Eat LLC, $557.00 ," $2,785.00 "," $1,392.50 ",7/22/2019,7/26/2019,Shipped
267709,325698, Cascade Grovers, $920.00 ," $4,600.00 "," $2,300.00 ",7/23/2019,7/25/2019,Shipped
674571,785432, Park & Eat LLC, $991.00 ," $4,955.00 "," $2,477.50 ",7/20/2019,7/25/2019,Shipped
198441,152689, YT Restaurants, $931.00 ," $4,655.00 "," $2,327.50 ",7/19/2019,7/25/2019,Shipped
223500,325698, Cascade Grovers, $929.00 ," $4,645.00 "," $2,322.50 ",7/22/2019,7/24/2019,Shipped
413120,985245, Quick Bite Convenience Stores, $646.00 ," $3,230.00 "," $1,615.00 ",7/20/2019,7/24/2019,Shipped
128442,152689, YT Restaurants, $443.00 ," $2,215.00 "," $1,107.50 ",7/19/2019,7/24/2019,Shipped
189068,152689, YT Restaurants, $717.00 ," $3,585.00 "," $1,792.50 ",7/19/2019,7/24/2019,Shipped
576278,152689, YT Restaurants, $294.00 ," $1,470.00 ", $735.00 ,7/19/2019,7/24/2019,Shipped
946559,152689, YT Restaurants, $759.00 ," $3,795.00 "," $1,897.50 ",7/19/2019,7/24/2019,Shipped
836866,325698, Cascade Grovers, $785.00 ," $3,925.00 "," $1,962.50 ",7/21/2019,7/23/2019,Shipped
818304,985245, Quick Bite Convenience Stores, $160.00 , $800.00 , $400.00 ,7/19/2019,7/22/2019,Shipped
122648,785432, Park & Eat LLC, $588.00 ," $2,940.00 "," $1,470.00 ",7/17/2019,7/22/2019,Shipped
994850,785432, Park & Eat LLC, $355.00 ," $1,775.00 ", $887.50 ,7/17/2019,7/22/2019,Shipped
131704,985245, Quick Bite Convenience Stores, $362.00 ," $1,810.00 ", $905.00 ,7/17/2019,7/21/2019,Shipped
690923,152689, YT Restaurants, $971.00 ," $4,855.00 "," $2,427.50 ",7/16/2019,7/21/2019,Shipped
111987,152689, YT Restaurants, $147.00 , $735.00 , $367.50 ,7/15/2019,7/21/2019,Shipped
447142,325698, Cascade Grovers, $433.00 ," $2,165.00 "," $1,082.50 ",7/18/2019,7/20/2019,Shipped
598734,785432, Park & Eat LLC, $148.00 , $740.00 , $370.00 ,7/15/2019,7/20/2019,Shipped
349829,785432, Park & Eat LLC, $968.00 ," $4,840.00 "," $2,420.00 ",7/15/2019,7/20/2019,Shipped
168336,325698, Cascade Grovers, $687.00 ," $3,435.00 "," $1,717.50 ",7/17/2019,7/19/2019,Shipped
465004,325698, Cascade Grovers, $778.00 ," $3,890.00 "," $1,945.00 ",7/17/2019,7/19/2019,Shipped
780929,325698, Cascade Grovers, $172.00 , $860.00 , $430.00 ,7/16/2019,7/19/2019,Shipped
766032,152689, YT Restaurants, $859.00 ," $4,295.00 "," $2,147.50 ",7/14/2019,7/19/2019,Shipped
443406,325698, Cascade Grovers, $331.00 ," $1,655.00 ", $827.50 ,7/16/2019,7/18/2019,Shipped
905098,152689, YT Restaurants, $504.00 ," $2,520.00 "," $1,260.00 ",7/13/2019,7/18/2019,Shipped
732259,152689, YT Restaurants, $632.00 ," $3,160.00 "," $1,580.00 ",7/12/2019,7/18/2019,Shipped
155037,785432, Park & Eat LLC, $187.00 , $935.00 , $467.50 ,7/11/2019,7/16/2019,Shipped
938396,325698, Cascade Grovers, $693.00 ," $3,465.00 "," $1,732.50 ",7/13/2019,7/15/2019,Shipped
836079,152689, YT Restaurants, $234.00 ," $1,170.00 ", $585.00 ,7/10/2019,7/15/2019,Shipped
432482,325698, Cascade Grovers, $928.00 ," $4,640.00 "," $2,320.00 ",7/12/2019,7/14/2019,Shipped
619570,325698, Cascade Grovers, $457.00 ," $2,285.00 "," $1,142.50 ",7/12/2019,7/14/2019,Shipped
147599,985245, Quick Bite Convenience Stores, $156.00 , $780.00 , $390.00 ,7/10/2019,7/14/2019,Shipped
206613,152689, YT Restaurants, $439.00 ," $2,195.00 "," $1,097.50 ",7/9/2019,7/14/2019,Shipped
442519,152689, YT Restaurants, $79.00 , $395.00 , $197.50 ,7/9/2019,7/14/2019,Shipped
126086,152689, YT Restaurants, $296.00 ," $1,480.00 ", $740.00 ,7/9/2019,7/14/2019,Shipped
255154,325698, Cascade Grovers, $663.00 ," $3,315.00 "," $1,657.50 ",7/11/2019,7/13/2019,Shipped
143263,152689, YT Restaurants, $831.00 ," $4,155.00 "," $2,077.50 ",7/8/2019,7/13/2019,Shipped
133822,325698, Cascade Grovers, $146.00 , $730.00 , $365.00 ,7/10/2019,7/12/2019,Shipped
961074,152689, YT Restaurants, $756.00 ," $3,780.00 "," $1,890.00 ",7/7/2019,7/12/2019,Shipped
400973,152689, YT Restaurants, $588.00 ," $2,940.00 "," $1,470.00 ",7/5/2019,7/10/2019,Shipped
579429,325698, Cascade Grovers, $265.00 ," $1,325.00 ", $662.50 ,7/7/2019,7/9/2019,Shipped
654095,325698, Cascade Grovers, $422.00 ," $2,110.00 "," $1,055.00 ",7/7/2019,7/9/2019,Shipped
210604,985245, Quick Bite Convenience Stores, $654.00 ," $3,270.00 "," $1,635.00 ",7/6/2019,7/9/2019,Shipped
776017,785432, Park & Eat LLC, $343.00 ," $1,715.00 ", $857.50 ,7/5/2019,7/9/2019,Shipped
913059,785432, Park & Eat LLC, $101.00 , $505.00 , $252.50 ,7/5/2019,7/9/2019,Shipped
295858,785432, Park & Eat LLC, $169.00 , $845.00 , $422.50 ,7/4/2019,7/9/2019,Shipped
825404,152689, YT Restaurants, $935.00 ," $4,675.00 "," $2,337.50 ",7/4/2019,7/9/2019,Shipped
458494,452584, Acme Grocery Stores, $618.00 ," $3,090.00 "," $1,545.00 ",7/6/2019,7/8/2019,Shipped
965243,985245, Quick Bite Convenience Stores, $113.00 , $565.00 , $282.50 ,7/5/2019,7/8/2019,Shipped
560998,985245, Quick Bite Convenience Stores, $857.00 ," $4,285.00 "," $2,142.50 ",7/4/2019,7/8/2019,Shipped
300406,785432, Park & Eat LLC, $542.00 ," $2,710.00 "," $1,355.00 ",7/2/2019,7/7/2019,Shipped
259692,152689, YT Restaurants, $132.00 , $660.00 , $330.00 ,7/2/2019,7/7/2019,Shipped
370397,325698, Cascade Grovers, $831.00 ," $4,155.00 "," $2,077.50 ",7/4/2019,7/6/2019,Shipped
490924,152689, YT Restaurants, $778.00 ," $3,890.00 "," $1,945.00 ",7/1/2019,7/6/2019,Shipped
149389,325698, Cascade Grovers, $858.00 ," $4,290.00 "," $2,145.00 ",7/3/2019,7/5/2019,Shipped
886736,325698, Cascade Grovers, $891.00 ," $4,455.00 "," $2,227.50 ",7/3/2019,7/5/2019,Shipped
706356,785432, Park & Eat LLC, $670.00 ," $3,350.00 "," $1,675.00 ",6/30/2019,7/5/2019,Shipped
129825,985245, Quick Bite Convenience Stores, $235.00 ," $1,175.00 ", $587.50 ,6/30/2019,7/4/2019,Shipped
911721,785432, Park & Eat LLC, $640.00 ," $3,200.00 "," $1,600.00 ",6/30/2019,7/4/2019,Shipped
563188,985245, Quick Bite Convenience Stores, $458.00 ," $2,290.00 "," $1,145.00 ",6/30/2019,7/3/2019,Shipped
822320,985245, Quick Bite Convenience Stores, $486.00 ," $2,430.00 "," $1,215.00 ",6/28/2019,7/2/2019,Shipped
721232,452584, Acme Grocery Stores, $163.00 , $815.00 , $407.50 ,6/29/2019,7/1/2019,Shipped
993331,452584, Acme Grocery Stores, $767.00 ," $3,835.00 "," $1,917.50 ",6/28/2019,6/30/2019,Shipped
127921,985245, Quick Bite Convenience Stores, $714.00 ," $3,570.00 "," $1,785.00 ",6/26/2019,6/30/2019,Shipped
865382,985245, Quick Bite Convenience Stores, $600.00 ," $3,000.00 "," $1,500.00 ",6/25/2019,6/29/2019,Shipped
962845,325698, Cascade Grovers, $328.00 ," $1,640.00 ", $820.00 ,6/26/2019,6/28/2019,Shipped
529641,985245, Quick Bite Convenience Stores, $695.00 ," $3,475.00 "," $1,737.50 ",6/24/2019,6/28/2019,Shipped
713066,152689, YT Restaurants, $646.00 ," $3,230.00 "," $1,615.00 ",6/23/2019,6/28/2019,Shipped
127484,152689, YT Restaurants, $735.00 ," $3,675.00 "," $1,837.50 ",6/23/2019,6/28/2019,Shipped
763509,325698, Cascade Grovers, $354.00 ," $1,770.00 ", $885.00 ,6/25/2019,6/27/2019,Shipped
193032,325698, Cascade Grovers, $881.00 ," $4,405.00 "," $2,202.50 ",6/24/2019,6/27/2019,Shipped
787748,985245, Quick Bite Convenience Stores, $707.00 ," $3,535.00 "," $1,767.50 ",6/22/2019,6/26/2019,Shipped
177074,785432, Park & Eat LLC, $841.00 ," $4,205.00 "," $2,102.50 ",6/21/2019,6/26/2019,Shipped
773501,785432, Park & Eat LLC, $668.00 ," $3,340.00 "," $1,670.00 ",6/21/2019,6/26/2019,Shipped
343292,985245, Quick Bite Convenience Stores, $310.00 ," $1,550.00 ", $775.00 ,6/21/2019,6/25/2019,Shipped
637747,785432, Park & Eat LLC, $455.00 ," $2,275.00 "," $1,137.50 ",6/20/2019,6/25/2019,Shipped
701640,785432, Park & Eat LLC, $655.00 ," $3,275.00 "," $1,637.50 ",6/20/2019,6/24/2019,Shipped
844227,785432, Park & Eat LLC, $548.00 ," $2,740.00 "," $1,370.00 ",6/19/2019,6/24/2019,Shipped
227407,785432, Park & Eat LLC, $364.00 ," $1,820.00 ", $910.00 ,6/18/2019,6/23/2019,Shipped
488506,452584, Acme Grocery Stores, $879.00 ," $4,395.00 "," $2,197.50 ",6/20/2019,6/22/2019,Shipped
830918,152689, YT Restaurants, $117.00 , $585.00 , $292.50 ,6/17/2019,6/22/2019,Shipped
833785,325698, Cascade Grovers, $641.00 ," $3,205.00 "," $1,602.50 ",6/19/2019,6/21/2019,Shipped
747459,985245, Quick Bite Convenience Stores, $546.00 ," $2,730.00 "," $1,365.00 ",6/17/2019,6/21/2019,Shipped
936713,785432, Park & Eat LLC, $628.00 ," $3,140.00 "," $1,570.00 ",6/17/2019,6/21/2019,Shipped
586140,452584, Acme Grocery Stores, $689.00 ," $3,445.00 "," $1,722.50 ",6/18/2019,6/20/2019,Shipped
456331,325698, Cascade Grovers, $915.00 ," $4,575.00 "," $2,287.50 ",6/18/2019,6/20/2019,Shipped
103240,325698, Cascade Grovers, $774.00 ," $3,870.00 "," $1,935.00 ",6/18/2019,6/20/2019,Shipped
214515,985245, Quick Bite Convenience Stores, $77.00 , $385.00 , $192.50 ,6/16/2019,6/20/2019,Shipped
687094,785432, Park & Eat LLC, $484.00 ," $2,420.00 "," $1,210.00 ",6/15/2019,6/20/2019,Shipped
204987,325698, Cascade Grovers, $689.00 ," $3,445.00 "," $1,722.50 ",6/17/2019,6/19/2019,Shipped
200818,785432, Park & Eat LLC, $745.00 ," $3,725.00 "," $1,862.50 ",6/13/2019,6/18/2019,Shipped
855953,785432, Park & Eat LLC, $788.00 ," $3,940.00 "," $1,970.00 ",6/12/2019,6/17/2019,Shipped
893213,152689, YT Restaurants, $627.00 ," $3,135.00 "," $1,567.50 ",6/12/2019,6/17/2019,Shipped
883339,985245, Quick Bite Convenience Stores, $550.00 ," $2,750.00 "," $1,375.00 ",6/12/2019,6/16/2019,Shipped
917642,985245, Quick Bite Convenience Stores, $959.00 ," $4,795.00 "," $2,397.50 ",6/12/2019,6/16/2019,Shipped
572890,152689, YT Restaurants, $318.00 ," $1,590.00 ", $795.00 ,6/11/2019,6/16/2019,Shipped
219755,325698, Cascade Grovers, $108.00 , $540.00 , $270.00 ,6/13/2019,6/15/2019,Shipped
954388,985245, Quick Bite Convenience Stores, $552.00 ," $2,760.00 "," $1,380.00 ",6/11/2019,6/15/2019,Shipped
719506,152689, YT Restaurants, $619.00 ," $3,095.00 "," $1,547.50 ",6/9/2019,6/15/2019,Shipped
785079,452584, Acme Grocery Stores, $507.00 ," $2,535.00 "," $1,267.50 ",6/12/2019,6/14/2019,Shipped
361497,785432, Park & Eat LLC, $959.00 ," $4,795.00 "," $2,397.50 ",6/10/2019,6/14/2019,Shipped
831203,785432, Park & Eat LLC, $379.00 ," $1,895.00 ", $947.50 ,6/9/2019,6/14/2019,Shipped
309145,325698, Cascade Grovers, $372.00 ," $1,860.00 ", $930.00 ,6/11/2019,6/13/2019,Shipped
505987,985245, Quick Bite Convenience Stores, $401.00 ," $2,005.00 "," $1,002.50 ",6/9/2019,6/13/2019,Shipped
149582,785432, Park & Eat LLC, $856.00 ," $4,280.00 "," $2,140.00 ",6/9/2019,6/13/2019,Shipped
846927,785432, Park & Eat LLC, $116.00 , $580.00 , $290.00 ,6/8/2019,6/13/2019,Shipped
604287,152689, YT Restaurants, $397.00 ," $1,985.00 ", $992.50 ,6/7/2019,6/13/2019,Shipped
482891,452584, Acme Grocery Stores, $729.00 ," $3,645.00 "," $1,822.50 ",6/10/2019,6/12/2019,Shipped
134004,985245, Quick Bite Convenience Stores, $882.00 ," $4,410.00 "," $2,205.00 ",6/9/2019,6/12/2019,Shipped
964981,325698, Cascade Grovers, $740.00 ," $3,700.00 "," $1,850.00 ",6/9/2019,6/11/2019,Shipped
367453,985245, Quick Bite Convenience Stores, $297.00 ," $1,485.00 ", $742.50 ,6/7/2019,6/11/2019,Shipped
657038,985245, Quick Bite Convenience Stores, $149.00 , $745.00 , $372.50 ,6/7/2019,6/11/2019,Shipped
903135,985245, Quick Bite Convenience Stores, $479.00 ," $2,395.00 "," $1,197.50 ",6/7/2019,6/11/2019,Shipped
509628,152689, YT Restaurants, $529.00 ," $2,645.00 "," $1,322.50 ",6/6/2019,6/11/2019,Shipped
304823,325698, Cascade Grovers, $580.00 ," $2,900.00 "," $1,450.00 ",6/8/2019,6/10/2019,Shipped
336306,785432, Park & Eat LLC, $874.00 ," $4,370.00 "," $2,185.00 ",6/6/2019,6/10/2019,Shipped
292912,785432, Park & Eat LLC, $110.00 , $550.00 , $275.00 ,6/5/2019,6/10/2019,Shipped
825480,452584, Acme Grocery Stores, $82.00 , $410.00 , $205.00 ,6/7/2019,6/9/2019,Shipped
798613,985245, Quick Bite Convenience Stores, $88.00 , $440.00 , $220.00 ,6/5/2019,6/9/2019,Shipped
963540,785432, Park & Eat LLC, $910.00 ," $4,550.00 "," $2,275.00 ",6/4/2019,6/9/2019,Shipped
359838,152689, YT Restaurants, $663.00 ," $3,315.00 "," $1,657.50 ",6/4/2019,6/9/2019,Shipped
734268,325698, Cascade Grovers, $176.00 , $880.00 , $440.00 ,6/5/2019,6/8/2019,Shipped
391355,985245, Quick Bite Convenience Stores, $137.00 , $685.00 , $342.50 ,6/4/2019,6/8/2019,Shipped
969191,325698, Cascade Grovers, $989.00 ," $4,945.00 "," $2,472.50 ",6/5/2019,6/7/2019,Shipped
806311,785432, Park & Eat LLC, $999.00 ," $4,995.00 "," $2,497.50 ",6/3/2019,6/7/2019,Shipped
933378,785432, Park & Eat LLC, $981.00 ," $4,905.00 "," $2,452.50 ",6/2/2019,6/7/2019,Shipped
207376,785432, Park & Eat LLC, $617.00 ," $3,085.00 "," $1,542.50 ",6/2/2019,6/6/2019,Shipped
352258,785432, Park & Eat LLC, $359.00 ," $1,795.00 ", $897.50 ,6/1/2019,6/6/2019,Shipped
925060,152689, YT Restaurants, $833.00 ," $4,165.00 "," $2,082.50 ",5/31/2019,6/6/2019,Shipped
323530,452584, Acme Grocery Stores, $352.00 ," $1,760.00 ", $880.00 ,6/3/2019,6/5/2019,Shipped
684423,985245, Quick Bite Convenience Stores, $96.00 , $480.00 , $240.00 ,6/1/2019,6/5/2019,Shipped
505692,152689, YT Restaurants, $350.00 ," $1,750.00 ", $875.00 ,5/30/2019,6/5/2019,Shipped
982008,152689, YT Restaurants, $854.00 ," $4,270.00 "," $2,135.00 ",5/30/2019,6/4/2019,Shipped
280368,152689, YT Restaurants, $267.00 ," $1,335.00 ", $667.50 ,5/30/2019,6/4/2019,Shipped
828919,325698, Cascade Grovers, $880.00 ," $4,400.00 "," $2,200.00 ",5/31/2019,6/2/2019,Shipped
225086,985245, Quick Bite Convenience Stores, $217.00 ," $1,085.00 ", $542.50 ,5/29/2019,6/2/2019,Shipped
144015,985245, Quick Bite Convenience Stores, $87.00 , $435.00 , $217.50 ,5/29/2019,6/2/2019,Shipped
659466,985245, Quick Bite Convenience Stores, $260.00 ," $1,300.00 ", $650.00 ,5/29/2019,6/2/2019,Shipped
147508,325698, Cascade Grovers, $859.00 ," $4,295.00 "," $2,147.50 ",5/30/2019,6/1/2019,Shipped
378599,325698, Cascade Grovers, $317.00 ," $1,585.00 ", $792.50 ,5/30/2019,6/1/2019,Shipped
260154,785432, Park & Eat LLC, $612.00 ," $3,060.00 "," $1,530.00 ",5/27/2019,6/1/2019,Shipped
464164,325698, Cascade Grovers, $279.00 ," $1,395.00 ", $697.50 ,5/28/2019,5/30/2019,Shipped
275108,325698, Cascade Grovers, $761.00 ," $3,805.00 "," $1,902.50 ",5/27/2019,5/29/2019,Shipped
257902,985245, Quick Bite Convenience Stores, $773.00 ," $3,865.00 "," $1,932.50 ",5/25/2019,5/29/2019,Shipped
981103,785432, Park & Eat LLC, $501.00 ," $2,505.00 "," $1,252.50 ",5/24/2019,5/29/2019,Shipped
920481,325698, Cascade Grovers, $56.00 , $280.00 , $140.00 ,5/25/2019,5/28/2019,Shipped
954927,325698, Cascade Grovers, $290.00 ," $1,450.00 ", $725.00 ,5/25/2019,5/27/2019,Shipped
161953,325698, Cascade Grovers, $610.00 ," $3,050.00 "," $1,525.00 ",5/24/2019,5/27/2019,Shipped
577871,325698, Cascade Grovers, $369.00 ," $1,845.00 ", $922.50 ,5/24/2019,5/27/2019,Shipped
442338,785432, Park & Eat LLC, $461.00 ," $2,305.00 "," $1,152.50 ",5/22/2019,5/27/2019,Shipped
720225,985245, Quick Bite Convenience Stores, $792.00 ," $3,960.00 "," $1,980.00 ",5/22/2019,5/26/2019,Shipped
778271,452584, Acme Grocery Stores, $898.00 ," $4,490.00 "," $2,245.00 ",5/23/2019,5/25/2019,Shipped
645852,325698, Cascade Grovers, $361.00 ," $1,805.00 ", $902.50 ,5/22/2019,5/24/2019,Shipped
282161,985245, Quick Bite Convenience Stores, $455.00 ," $2,275.00 "," $1,137.50 ",5/20/2019,5/24/2019,Shipped
380958,985245, Quick Bite Convenience Stores, $640.00 ," $3,200.00 "," $1,600.00 ",5/20/2019,5/24/2019,Shipped
852408,152689, YT Restaurants, $301.00 ," $1,505.00 ", $752.50 ,5/19/2019,5/24/2019,Shipped
731418,325698, Cascade Grovers, $440.00 ," $2,200.00 "," $1,100.00 ",5/21/2019,5/23/2019,Shipped
785812,325698, Cascade Grovers, $727.00 ," $3,635.00 "," $1,817.50 ",5/21/2019,5/23/2019,Shipped
924736,325698, Cascade Grovers, $501.00 ," $2,505.00 "," $1,252.50 ",5/21/2019,5/23/2019,Shipped
709318,785432, Park & Eat LLC, $741.00 ," $3,705.00 "," $1,852.50 ",5/18/2019,5/23/2019,Shipped
664005,325698, Cascade Grovers, $300.00 ," $1,500.00 ", $750.00 ,5/20/2019,5/22/2019,Shipped
273628,985245, Quick Bite Convenience Stores, $698.00 ," $3,490.00 "," $1,745.00 ",5/19/2019,5/22/2019,Shipped
473243,325698, Cascade Grovers, $492.00 ," $2,460.00 "," $1,230.00 ",5/19/2019,5/21/2019,Shipped
200373,985245, Quick Bite Convenience Stores, $461.00 ," $2,305.00 "," $1,152.50 ",5/17/2019,5/21/2019,Shipped
855938,152689, YT Restaurants, $339.00 ," $1,695.00 ", $847.50 ,5/16/2019,5/21/2019,Shipped
799819,985245, Quick Bite Convenience Stores, $752.00 ," $3,760.00 "," $1,880.00 ",5/16/2019,5/20/2019,Shipped
916864,985245, Quick Bite Convenience Stores, $92.00 , $460.00 , $230.00 ,5/16/2019,5/20/2019,Shipped
619996,985245, Quick Bite Convenience Stores, $247.00 ," $1,235.00 ", $617.50 ,5/15/2019,5/19/2019,Shipped
610808,785432, Park & Eat LLC, $676.00 ," $3,380.00 "," $1,690.00 ",5/14/2019,5/19/2019,Shipped
881725,325698, Cascade Grovers, $186.00 , $930.00 , $465.00 ,5/16/2019,5/18/2019,Shipped
620240,325698, Cascade Grovers, $719.00 ," $3,595.00 "," $1,797.50 ",5/16/2019,5/18/2019,Shipped
829605,985245, Quick Bite Convenience Stores, $539.00 ," $2,695.00 "," $1,347.50 ",5/14/2019,5/18/2019,Shipped
856680,152689, YT Restaurants, $215.00 ," $1,075.00 ", $537.50 ,5/13/2019,5/18/2019,Shipped
310045,785432, Park & Eat LLC, $117.00 , $585.00 , $292.50 ,5/12/2019,5/17/2019,Shipped
300662,985245, Quick Bite Convenience Stores, $672.00 ," $3,360.00 "," $1,680.00 ",5/13/2019,5/16/2019,Shipped
957656,985245, Quick Bite Convenience Stores, $146.00 , $730.00 , $365.00 ,5/12/2019,5/16/2019,Shipped
185832,985245, Quick Bite Convenience Stores, $213.00 ," $1,065.00 ", $532.50 ,5/12/2019,5/16/2019,Shipped
289423,152689, YT Restaurants, $623.00 ," $3,115.00 "," $1,557.50 ",5/11/2019,5/16/2019,Shipped
356956,452584, Acme Grocery Stores, $800.00 ," $4,000.00 "," $2,000.00 ",5/13/2019,5/15/2019,Shipped
619322,325698, Cascade Grovers, $246.00 ," $1,230.00 ", $615.00 ,5/13/2019,5/15/2019,Shipped
775735,325698, Cascade Grovers, $506.00 ," $2,530.00 "," $1,265.00 ",5/13/2019,5/15/2019,Shipped
599943,325698, Cascade Grovers, $934.00 ," $4,670.00 "," $2,335.00 ",5/12/2019,5/15/2019,Shipped
680086,985245, Quick Bite Convenience Stores, $297.00 ," $1,485.00 ", $742.50 ,5/11/2019,5/15/2019,Shipped
375727,985245, Quick Bite Convenience Stores, $272.00 ," $1,360.00 ", $680.00 ,5/11/2019,5/15/2019,Shipped
195955,325698, Cascade Grovers, $435.00 ," $2,175.00 "," $1,087.50 ",5/12/2019,5/14/2019,Shipped
621640,785432, Park & Eat LLC, $167.00 , $835.00 , $417.50 ,5/9/2019,5/14/2019,Shipped
670338,325698, Cascade Grovers, $100.00 , $500.00 , $250.00 ,5/11/2019,5/13/2019,Shipped
830086,325698, Cascade Grovers, $483.00 ," $2,415.00 "," $1,207.50 ",5/9/2019,5/12/2019,Shipped
685406,785432, Park & Eat LLC, $811.00 ," $4,055.00 "," $2,027.50 ",5/8/2019,5/12/2019,Shipped
423958,152689, YT Restaurants, $613.00 ," $3,065.00 "," $1,532.50 ",5/6/2019,5/12/2019,Shipped
512534,325698, Cascade Grovers, $253.00 ," $1,265.00 ", $632.50 ,5/9/2019,5/11/2019,Shipped
216539,985245, Quick Bite Convenience Stores, $663.00 ," $3,315.00 "," $1,657.50 ",5/7/2019,5/11/2019,Shipped
158814,785432, Park & Eat LLC, $513.00 ," $2,565.00 "," $1,282.50 ",5/5/2019,5/10/2019,Shipped
618892,325698, Cascade Grovers, $94.00 , $470.00 , $235.00 ,5/7/2019,5/9/2019,Shipped
389616,325698, Cascade Grovers, $710.00 ," $3,550.00 "," $1,775.00 ",5/7/2019,5/9/2019,Shipped
134596,152689, YT Restaurants, $318.00 ," $1,590.00 ", $795.00 ,5/3/2019,5/9/2019,Shipped
791558,325698, Cascade Grovers, $120.00 , $600.00 , $300.00 ,5/5/2019,5/8/2019,Shipped
736781,985245, Quick Bite Convenience Stores, $498.00 ," $2,490.00 "," $1,245.00 ",5/5/2019,5/8/2019,Shipped
162821,985245, Quick Bite Convenience Stores, $862.00 ," $4,310.00 "," $2,155.00 ",5/4/2019,5/8/2019,Shipped
785718,785432, Park & Eat LLC, $614.00 ," $3,070.00 "," $1,535.00 ",5/3/2019,5/8/2019,Shipped
542683,325698, Cascade Grovers, $444.00 ," $2,220.00 "," $1,110.00 ",5/5/2019,5/7/2019,Shipped
675943,985245, Quick Bite Convenience Stores, $832.00 ," $4,160.00 "," $2,080.00 ",5/3/2019,5/7/2019,Shipped
587052,785432, Park & Eat LLC, $308.00 ," $1,540.00 ", $770.00 ,5/2/2019,5/7/2019,Shipped
590184,785432, Park & Eat LLC, $846.00 ," $4,230.00 "," $2,115.00 ",5/2/2019,5/7/2019,Shipped
819483,452584, Acme Grocery Stores, $606.00 ," $3,030.00 "," $1,515.00 ",5/4/2019,5/6/2019,Shipped
761648,985245, Quick Bite Convenience Stores, $219.00 ," $1,095.00 ", $547.50 ,5/2/2019,5/6/2019,Shipped
481493,785432, Park & Eat LLC, $332.00 ," $1,660.00 ", $830.00 ,4/30/2019,5/5/2019,Shipped
697558,152689, YT Restaurants, $450.00 ," $2,250.00 "," $1,125.00 ",4/30/2019,5/5/2019,Shipped
232966,325698, Cascade Grovers, $659.00 ," $3,295.00 "," $1,647.50 ",5/1/2019,5/4/2019,Shipped
841857,785432, Park & Eat LLC, $595.00 ," $2,975.00 "," $1,487.50 ",4/29/2019,5/4/2019,Shipped
487006,152689, YT Restaurants, $70.00 , $350.00 , $175.00 ,4/28/2019,5/4/2019,Shipped
552225,452584, Acme Grocery Stores, $349.00 ," $1,745.00 ", $872.50 ,5/1/2019,5/3/2019,Shipped
558478,452584, Acme Grocery Stores, $757.00 ," $3,785.00 "," $1,892.50 ",5/1/2019,5/3/2019,Shipped
503556,452584, Acme Grocery Stores, $155.00 , $775.00 , $387.50 ,5/1/2019,5/3/2019,Shipped
359163,325698, Cascade Grovers, $994.00 ," $4,970.00 "," $2,485.00 ",5/1/2019,5/3/2019,Shipped
568888,325698, Cascade Grovers, $601.00 ," $3,005.00 "," $1,502.50 ",5/1/2019,5/3/2019,Shipped
611589,325698, Cascade Grovers, $572.00 ," $2,860.00 "," $1,430.00 ",4/30/2019,5/3/2019,Shipped
895363,325698, Cascade Grovers, $241.00 ," $1,205.00 ", $602.50 ,4/29/2019,5/2/2019,Shipped
991353,985245, Quick Bite Convenience Stores, $771.00 ," $3,855.00 "," $1,927.50 ",4/28/2019,5/2/2019,Shipped
282132,325698, Cascade Grovers, $704.00 ," $3,520.00 "," $1,760.00 ",4/28/2019,5/1/2019,Shipped
967450,985245, Quick Bite Convenience Stores, $217.00 ," $1,085.00 ", $542.50 ,4/27/2019,5/1/2019,Shipped
127800,985245, Quick Bite Convenience Stores, $277.00 ," $1,385.00 ", $692.50 ,4/27/2019,5/1/2019,Shipped
303947,152689, YT Restaurants, $805.00 ," $4,025.00 "," $2,012.50 ",4/26/2019,5/1/2019,Shipped
363758,325698, Cascade Grovers, $714.00 ," $3,570.00 "," $1,785.00 ",4/27/2019,4/30/2019,Shipped
265259,325698, Cascade Grovers, $504.00 ," $2,520.00 "," $1,260.00 ",4/27/2019,4/30/2019,Shipped
290071,985245, Quick Bite Convenience Stores, $513.00 ," $2,565.00 "," $1,282.50 ",4/26/2019,4/30/2019,Shipped
523137,785432, Park & Eat LLC, $762.00 ," $3,810.00 "," $1,905.00 ",4/25/2019,4/30/2019,Shipped
324984,785432, Park & Eat LLC, $177.00 , $885.00 , $442.50 ,4/25/2019,4/30/2019,Shipped
808169,325698, Cascade Grovers, $406.00 ," $2,030.00 "," $1,015.00 ",4/27/2019,4/29/2019,Shipped
627428,785432, Park & Eat LLC, $495.00 ," $2,475.00 "," $1,237.50 ",4/24/2019,4/29/2019,Shipped
606944,325698, Cascade Grovers, $95.00 , $475.00 , $237.50 ,4/26/2019,4/28/2019,Shipped
630969,325698, Cascade Grovers, $375.00 ," $1,875.00 ", $937.50 ,4/24/2019,4/27/2019,Shipped
304108,985245, Quick Bite Convenience Stores, $58.00 , $290.00 , $145.00 ,4/23/2019,4/27/2019,Shipped
889980,785432, Park & Eat LLC, $563.00 ," $2,815.00 "," $1,407.50 ",4/22/2019,4/27/2019,Shipped
620112,152689, YT Restaurants, $424.00 ," $2,120.00 "," $1,060.00 ",4/21/2019,4/26/2019,Shipped
232203,325698, Cascade Grovers, $998.00 ," $4,990.00 "," $2,495.00 ",4/23/2019,4/25/2019,Shipped
960225,325698, Cascade Grovers, $670.00 ," $3,350.00 "," $1,675.00 ",4/22/2019,4/24/2019,Shipped
656576,985245, Quick Bite Convenience Stores, $213.00 ," $1,065.00 ", $532.50 ,4/20/2019,4/24/2019,Shipped
821318,985245, Quick Bite Convenience Stores, $528.00 ," $2,640.00 "," $1,320.00 ",4/19/2019,4/23/2019,Shipped
891936,325698, Cascade Grovers, $960.00 ," $4,800.00 "," $2,400.00 ",4/20/2019,4/22/2019,Shipped
310730,152689, YT Restaurants, $142.00 , $710.00 , $355.00 ,4/17/2019,4/22/2019,Shipped
407686,152689, YT Restaurants, $909.00 ," $4,545.00 "," $2,272.50 ",4/17/2019,4/22/2019,Shipped
160960,325698, Cascade Grovers, $168.00 , $840.00 , $420.00 ,4/19/2019,4/21/2019,Shipped
361183,152689, YT Restaurants, $168.00 , $840.00 , $420.00 ,4/15/2019,4/20/2019,Shipped
141731,152689, YT Restaurants, $755.00 ," $3,775.00 "," $1,887.50 ",4/15/2019,4/20/2019,Shipped
778086,452584, Acme Grocery Stores, $557.00 ," $2,785.00 "," $1,392.50 ",4/17/2019,4/19/2019,Shipped
569890,152689, YT Restaurants, $456.00 ," $2,280.00 "," $1,140.00 ",4/14/2019,4/19/2019,Shipped
206984,452584, Acme Grocery Stores, $990.00 ," $4,950.00 "," $2,475.00 ",4/14/2019,4/16/2019,Shipped
272915,985245, Quick Bite Convenience Stores, $434.00 ," $2,170.00 "," $1,085.00 ",4/12/2019,4/16/2019,Shipped
174155,152689, YT Restaurants, $736.00 ," $3,680.00 "," $1,840.00 ",4/10/2019,4/15/2019,Shipped
160000,152689, YT Restaurants, $538.00 ," $2,690.00 "," $1,345.00 ",4/9/2019,4/15/2019,Shipped
528494,325698, Cascade Grovers, $448.00 ," $2,240.00 "," $1,120.00 ",4/12/2019,4/14/2019,Shipped
282038,985245, Quick Bite Convenience Stores, $298.00 ," $1,490.00 ", $745.00 ,4/10/2019,4/14/2019,Shipped
208842,985245, Quick Bite Convenience Stores, $822.00 ," $4,110.00 "," $2,055.00 ",4/10/2019,4/14/2019,Shipped
915290,785432, Park & Eat LLC, $273.00 ," $1,365.00 ", $682.50 ,4/9/2019,4/14/2019,Shipped
397633,985245, Quick Bite Convenience Stores, $411.00 ," $2,055.00 "," $1,027.50 ",4/9/2019,4/13/2019,Shipped
617015,152689, YT Restaurants, $641.00 ," $3,205.00 "," $1,602.50 ",4/8/2019,4/13/2019,Shipped
764671,325698, Cascade Grovers, $502.00 ," $2,510.00 "," $1,255.00 ",4/10/2019,4/12/2019,Shipped
447064,325698, Cascade Grovers, $105.00 , $525.00 , $262.50 ,4/9/2019,4/11/2019,Shipped
381711,985245, Quick Bite Convenience Stores, $537.00 ," $2,685.00 "," $1,342.50 ",4/7/2019,4/11/2019,Shipped
877439,985245, Quick Bite Convenience Stores, $702.00 ," $3,510.00 "," $1,755.00 ",4/6/2019,4/10/2019,Shipped
547076,785432, Park & Eat LLC, $159.00 , $795.00 , $397.50 ,4/5/2019,4/10/2019,Shipped
802763,452584, Acme Grocery Stores, $90.00 , $450.00 , $225.00 ,4/7/2019,4/9/2019,Shipped
174871,452584, Acme Grocery Stores, $80.00 , $400.00 , $200.00 ,4/7/2019,4/9/2019,Shipped
906662,325698, Cascade Grovers, $642.00 ," $3,210.00 "," $1,605.00 ",4/6/2019,4/9/2019,Shipped
977423,985245, Quick Bite Convenience Stores, $776.00 ," $3,880.00 "," $1,940.00 ",4/4/2019,4/8/2019,Shipped
933874,152689, YT Restaurants, $252.00 ," $1,260.00 ", $630.00 ,4/3/2019,4/8/2019,Shipped
709422,985245, Quick Bite Convenience Stores, $952.00 ," $4,760.00 "," $2,380.00 ",4/4/2019,4/7/2019,Shipped
407922,785432, Park & Eat LLC, $206.00 ," $1,030.00 ", $515.00 ,4/2/2019,4/7/2019,Shipped
389840,785432, Park & Eat LLC, $225.00 ," $1,125.00 ", $562.50 ,3/30/2019,4/4/2019,Shipped
532788,985245, Quick Bite Convenience Stores, $160.00 , $800.00 , $400.00 ,3/30/2019,4/3/2019,Shipped
360493,152689, YT Restaurants, $880.00 ," $4,400.00 "," $2,200.00 ",3/29/2019,4/3/2019,Shipped
274472,985245, Quick Bite Convenience Stores, $688.00 ," $3,440.00 "," $1,720.00 ",3/29/2019,4/2/2019,Shipped
791457,785432, Park & Eat LLC, $566.00 ," $2,830.00 "," $1,415.00 ",3/28/2019,4/2/2019,Shipped
857263,452584, Acme Grocery Stores, $713.00 ," $3,565.00 "," $1,782.50 ",3/30/2019,4/1/2019,Shipped
719004,325698, Cascade Grovers, $831.00 ," $4,155.00 "," $2,077.50 ",3/29/2019,4/1/2019,Shipped
176295,985245, Quick Bite Convenience Stores, $992.00 ," $4,960.00 "," $2,480.00 ",3/28/2019,4/1/2019,Shipped
285071,152689, YT Restaurants, $595.00 ," $2,975.00 "," $1,487.50 ",3/26/2019,3/31/2019,Shipped
834381,985245, Quick Bite Convenience Stores, $174.00 , $870.00 , $435.00 ,3/26/2019,3/30/2019,Shipped
980642,985245, Quick Bite Convenience Stores, $997.00 ," $4,985.00 "," $2,492.50 ",3/26/2019,3/30/2019,Shipped
274164,452584, Acme Grocery Stores, $143.00 , $715.00 , $357.50 ,3/27/2019,3/29/2019,Shipped
992770,325698, Cascade Grovers, $745.00 ," $3,725.00 "," $1,862.50 ",3/27/2019,3/29/2019,Shipped
963575,985245, Quick Bite Convenience Stores, $971.00 ," $4,855.00 "," $2,427.50 ",3/26/2019,3/29/2019,Shipped
356117,985245, Quick Bite Convenience Stores, $673.00 ," $3,365.00 "," $1,682.50 ",3/25/2019,3/29/2019,Shipped
624417,152689, YT Restaurants, $541.00 ," $2,705.00 "," $1,352.50 ",3/24/2019,3/29/2019,Shipped
777935,152689, YT Restaurants, $237.00 ," $1,185.00 ", $592.50 ,3/24/2019,3/29/2019,Shipped
460704,152689, YT Restaurants, $991.00 ," $4,955.00 "," $2,477.50 ",3/24/2019,3/29/2019,Shipped
374844,325698, Cascade Grovers, $206.00 ," $1,030.00 ", $515.00 ,3/26/2019,3/28/2019,Shipped
239504,985245, Quick Bite Convenience Stores, $723.00 ," $3,615.00 "," $1,807.50 ",3/24/2019,3/28/2019,Shipped
889094,785432, Park & Eat LLC, $233.00 ," $1,165.00 ", $582.50 ,3/23/2019,3/28/2019,Shipped
312713,985245, Quick Bite Convenience Stores, $474.00 ," $2,370.00 "," $1,185.00 ",3/22/2019,3/26/2019,Shipped
668019,152689, YT Restaurants, $84.00 , $420.00 , $210.00 ,3/21/2019,3/26/2019,Shipped
233751,985245, Quick Bite Convenience Stores, $240.00 ," $1,200.00 ", $600.00 ,3/22/2019,3/25/2019,Shipped
241812,985245, Quick Bite Convenience Stores, $996.00 ," $4,980.00 "," $2,490.00 ",3/21/2019,3/25/2019,Shipped
257065,985245, Quick Bite Convenience Stores, $961.00 ," $4,805.00 "," $2,402.50 ",3/20/2019,3/24/2019,Shipped
471996,985245, Quick Bite Convenience Stores, $578.00 ," $2,890.00 "," $1,445.00 ",3/20/2019,3/24/2019,Shipped
349114,785432, Park & Eat LLC, $204.00 ," $1,020.00 ", $510.00 ,3/20/2019,3/24/2019,Shipped
661330,152689, YT Restaurants, $647.00 ," $3,235.00 "," $1,617.50 ",3/18/2019,3/23/2019,Shipped
930579,152689, YT Restaurants, $524.00 ," $2,620.00 "," $1,310.00 ",3/18/2019,3/23/2019,Shipped
755816,325698, Cascade Grovers, $217.00 ," $1,085.00 ", $542.50 ,3/20/2019,3/22/2019,Shipped
477853,985245, Quick Bite Convenience Stores, $486.00 ," $2,430.00 "," $1,215.00 ",3/18/2019,3/22/2019,Shipped
913016,785432, Park & Eat LLC, $235.00 ," $1,175.00 ", $587.50 ,3/17/2019,3/22/2019,Shipped
438936,152689, YT Restaurants, $859.00 ," $4,295.00 "," $2,147.50 ",3/16/2019,3/22/2019,Shipped
474076,325698, Cascade Grovers, $855.00 ," $4,275.00 "," $2,137.50 ",3/18/2019,3/21/2019,Shipped
430798,985245, Quick Bite Convenience Stores, $858.00 ," $4,290.00 "," $2,145.00 ",3/17/2019,3/21/2019,Shipped
673111,785432, Park & Eat LLC, $681.00 ," $3,405.00 "," $1,702.50 ",3/16/2019,3/21/2019,Shipped
962453,152689, YT Restaurants, $607.00 ," $3,035.00 "," $1,517.50 ",3/16/2019,3/21/2019,Shipped
542327,325698, Cascade Grovers, $184.00 , $920.00 , $460.00 ,3/18/2019,3/20/2019,Shipped
514294,785432, Park & Eat LLC, $570.00 ," $2,850.00 "," $1,425.00 ",3/15/2019,3/20/2019,Shipped
638675,785432, Park & Eat LLC, $560.00 ," $2,800.00 "," $1,400.00 ",3/15/2019,3/19/2019,Shipped
533044,785432, Park & Eat LLC, $453.00 ," $2,265.00 "," $1,132.50 ",3/14/2019,3/19/2019,Shipped
230797,152689, YT Restaurants, $371.00 ," $1,855.00 ", $927.50 ,3/14/2019,3/19/2019,Shipped
998193,152689, YT Restaurants, $641.00 ," $3,205.00 "," $1,602.50 ",3/13/2019,3/18/2019,Shipped
623660,985245, Quick Bite Convenience Stores, $358.00 ," $1,790.00 ", $895.00 ,3/13/2019,3/17/2019,Shipped
277723,985245, Quick Bite Convenience Stores, $705.00 ," $3,525.00 "," $1,762.50 ",3/13/2019,3/17/2019,Shipped
484422,325698, Cascade Grovers, $133.00 , $665.00 , $332.50 ,3/13/2019,3/16/2019,Shipped
755802,152689, YT Restaurants, $977.00 ," $4,885.00 "," $2,442.50 ",3/11/2019,3/16/2019,Shipped
158779,325698, Cascade Grovers, $927.00 ," $4,635.00 "," $2,317.50 ",3/13/2019,3/15/2019,Shipped
569192,325698, Cascade Grovers, $132.00 , $660.00 , $330.00 ,3/13/2019,3/15/2019,Shipped
371144,985245, Quick Bite Convenience Stores, $318.00 ," $1,590.00 ", $795.00 ,3/11/2019,3/15/2019,Shipped
436698,785432, Park & Eat LLC, $185.00 , $925.00 , $462.50 ,3/10/2019,3/15/2019,Shipped
746997,325698, Cascade Grovers, $509.00 ," $2,545.00 "," $1,272.50 ",3/12/2019,3/14/2019,Shipped
207408,985245, Quick Bite Convenience Stores, $796.00 ," $3,980.00 "," $1,990.00 ",3/11/2019,3/14/2019,Shipped
462437,985245, Quick Bite Convenience Stores, $695.00 ," $3,475.00 "," $1,737.50 ",3/10/2019,3/13/2019,Shipped
281409,985245, Quick Bite Convenience Stores, $93.00 , $465.00 , $232.50 ,3/9/2019,3/13/2019,Shipped
392956,325698, Cascade Grovers, $991.00 ," $4,955.00 "," $2,477.50 ",3/10/2019,3/12/2019,Shipped
634170,785432, Park & Eat LLC, $137.00 , $685.00 , $342.50 ,3/7/2019,3/12/2019,Shipped
296056,985245, Quick Bite Convenience Stores, $800.00 ," $4,000.00 "," $2,000.00 ",3/7/2019,3/11/2019,Shipped
928573,152689, YT Restaurants, $98.00 , $490.00 , $245.00 ,3/6/2019,3/11/2019,Shipped
278874,152689, YT Restaurants, $688.00 ," $3,440.00 "," $1,720.00 ",3/6/2019,3/11/2019,Shipped
756978,152689, YT Restaurants, $327.00 ," $1,635.00 ", $817.50 ,3/6/2019,3/11/2019,Shipped
469056,452584, Acme Grocery Stores, $196.00 , $980.00 , $490.00 ,3/8/2019,3/10/2019,Shipped
698074,325698, Cascade Grovers, $735.00 ," $3,675.00 "," $1,837.50 ",3/7/2019,3/10/2019,Shipped
404162,785432, Park & Eat LLC, $912.00 ," $4,560.00 "," $2,280.00 ",3/6/2019,3/10/2019,Shipped
819765,785432, Park & Eat LLC, $966.00 ," $4,830.00 "," $2,415.00 ",3/6/2019,3/10/2019,Shipped
809039,325698, Cascade Grovers, $180.00 , $900.00 , $450.00 ,3/6/2019,3/8/2019,Shipped
718095,325698, Cascade Grovers, $899.00 ," $4,495.00 "," $2,247.50 ",3/5/2019,3/8/2019,Shipped
889235,785432, Park & Eat LLC, $483.00 ," $2,415.00 "," $1,207.50 ",3/3/2019,3/8/2019,Shipped
199375,985245, Quick Bite Convenience Stores, $330.00 ," $1,650.00 ", $825.00 ,3/4/2019,3/7/2019,Shipped
479936,985245, Quick Bite Convenience Stores, $299.00 ," $1,495.00 ", $747.50 ,3/3/2019,3/7/2019,Shipped
314682,985245, Quick Bite Convenience Stores, $986.00 ," $4,930.00 "," $2,465.00 ",3/2/2019,3/6/2019,Shipped
482656,785432, Park & Eat LLC, $551.00 ," $2,755.00 "," $1,377.50 ",3/1/2019,3/6/2019,Shipped
975668,985245, Quick Bite Convenience Stores, $115.00 , $575.00 , $287.50 ,3/1/2019,3/5/2019,Shipped
281469,152689, YT Restaurants, $836.00 ," $4,180.00 "," $2,090.00 ",2/27/2019,3/5/2019,Shipped
549519,985245, Quick Bite Convenience Stores, $502.00 ," $2,510.00 "," $1,255.00 ",2/28/2019,3/4/2019,Shipped
150266,785432, Park & Eat LLC, $776.00 ," $3,880.00 "," $1,940.00 ",2/27/2019,3/4/2019,Shipped
831213,325698, Cascade Grovers, $378.00 ," $1,890.00 ", $945.00 ,3/1/2019,3/3/2019,Shipped
218938,785432, Park & Eat LLC, $952.00 ," $4,760.00 "," $2,380.00 ",2/27/2019,3/3/2019,Shipped
918689,152689, YT Restaurants, $605.00 ," $3,025.00 "," $1,512.50 ",2/26/2019,3/3/2019,Shipped
500976,325698, Cascade Grovers, $141.00 , $705.00 , $352.50 ,2/28/2019,3/2/2019,Shipped
612308,985245, Quick Bite Convenience Stores, $114.00 , $570.00 , $285.00 ,2/27/2019,3/2/2019,Shipped
362910,785432, Park & Eat LLC, $573.00 ," $2,865.00 "," $1,432.50 ",2/25/2019,3/2/2019,Shipped
757424,325698, Cascade Grovers, $674.00 ," $3,370.00 "," $1,685.00 ",2/26/2019,3/1/2019,Shipped
264236,152689, YT Restaurants, $319.00 ," $1,595.00 ", $797.50 ,2/24/2019,3/1/2019,Shipped
724638,325698, Cascade Grovers, $260.00 ," $1,300.00 ", $650.00 ,2/26/2019,2/28/2019,Shipped
757907,985245, Quick Bite Convenience Stores, $226.00 ," $1,130.00 ", $565.00 ,2/24/2019,2/28/2019,Shipped
811570,985245, Quick Bite Convenience Stores, $584.00 ," $2,920.00 "," $1,460.00 ",2/23/2019,2/27/2019,Shipped
514558,985245, Quick Bite Convenience Stores, $412.00 ," $2,060.00 "," $1,030.00 ",2/23/2019,2/27/2019,Shipped
948938,152689, YT Restaurants, $771.00 ," $3,855.00 "," $1,927.50 ",2/22/2019,2/27/2019,Shipped
930362,325698, Cascade Grovers, $510.00 ," $2,550.00 "," $1,275.00 ",2/22/2019,2/25/2019,Shipped
547092,152689, YT Restaurants, $745.00 ," $3,725.00 "," $1,862.50 ",2/19/2019,2/24/2019,Shipped
349672,325698, Cascade Grovers, $175.00 , $875.00 , $437.50 ,2/20/2019,2/22/2019,Shipped
906635,325698, Cascade Grovers, $336.00 ," $1,680.00 ", $840.00 ,2/19/2019,2/21/2019,Shipped
377820,325698, Cascade Grovers, $69.00 , $345.00 , $172.50 ,2/19/2019,2/21/2019,Shipped
942899,325698, Cascade Grovers, $696.00 ," $3,480.00 "," $1,740.00 ",2/18/2019,2/21/2019,Shipped
383634,785432, Park & Eat LLC, $81.00 , $405.00 , $202.50 ,2/16/2019,2/21/2019,Shipped
804600,785432, Park & Eat LLC, $597.00 ," $2,985.00 "," $1,492.50 ",2/16/2019,2/21/2019,Shipped
786939,152689, YT Restaurants, $360.00 ," $1,800.00 ", $900.00 ,2/16/2019,2/21/2019,Shipped
481162,152689, YT Restaurants, $380.00 ," $1,900.00 ", $950.00 ,2/16/2019,2/21/2019,Shipped
149805,785432, Park & Eat LLC, $999.00 ," $4,995.00 "," $2,497.50 ",2/15/2019,2/20/2019,Shipped
212570,325698, Cascade Grovers, $680.00 ," $3,400.00 "," $1,700.00 ",2/17/2019,2/19/2019,Shipped
220231,152689, YT Restaurants, $118.00 , $590.00 , $295.00 ,2/14/2019,2/19/2019,Shipped
275536,325698, Cascade Grovers, $464.00 ," $2,320.00 "," $1,160.00 ",2/16/2019,2/18/2019,Shipped
916823,985245, Quick Bite Convenience Stores, $672.00 ," $3,360.00 "," $1,680.00 ",2/15/2019,2/18/2019,Shipped
416139,785432, Park & Eat LLC, $216.00 ," $1,080.00 ", $540.00 ,2/12/2019,2/17/2019,Shipped
833985,152689, YT Restaurants, $393.00 ," $1,965.00 ", $982.50 ,2/11/2019,2/17/2019,Shipped
103190,152689, YT Restaurants, $526.00 ," $2,630.00 "," $1,315.00 ",2/10/2019,2/15/2019,Shipped
899744,325698, Cascade Grovers, $580.00 ," $2,900.00 "," $1,450.00 ",2/12/2019,2/14/2019,Shipped
157482,785432, Park & Eat LLC, $756.00 ," $3,780.00 "," $1,890.00 ",2/9/2019,2/14/2019,Shipped
874147,152689, YT Restaurants, $352.00 ," $1,760.00 ", $880.00 ,2/9/2019,2/14/2019,Shipped
812247,985245, Quick Bite Convenience Stores, $349.00 ," $1,745.00 ", $872.50 ,2/9/2019,2/13/2019,Shipped
361053,985245, Quick Bite Convenience Stores, $571.00 ," $2,855.00 "," $1,427.50 ",2/9/2019,2/13/2019,Shipped
809054,785432, Park & Eat LLC, $887.00 ," $4,435.00 "," $2,217.50 ",2/9/2019,2/13/2019,Shipped
374033,452584, Acme Grocery Stores, $261.00 ," $1,305.00 ", $652.50 ,2/10/2019,2/12/2019,Shipped
206263,985245, Quick Bite Convenience Stores, $703.00 ," $3,515.00 "," $1,757.50 ",2/8/2019,2/12/2019,Shipped
772376,152689, YT Restaurants, $73.00 , $365.00 , $182.50 ,2/7/2019,2/12/2019,Shipped
919521,325698, Cascade Grovers, $409.00 ," $2,045.00 "," $1,022.50 ",2/9/2019,2/11/2019,Shipped
951167,985245, Quick Bite Convenience Stores, $855.00 ," $4,275.00 "," $2,137.50 ",2/8/2019,2/11/2019,Shipped
163588,452584, Acme Grocery Stores, $484.00 ," $2,420.00 "," $1,210.00 ",2/8/2019,2/10/2019,Shipped
306196,325698, Cascade Grovers, $784.00 ," $3,920.00 "," $1,960.00 ",2/8/2019,2/10/2019,Shipped
894053,325698, Cascade Grovers, $844.00 ," $4,220.00 "," $2,110.00 ",2/8/2019,2/10/2019,Shipped
626518,985245, Quick Bite Convenience Stores, $782.00 ," $3,910.00 "," $1,955.00 ",2/6/2019,2/10/2019,Shipped
214995,152689, YT Restaurants, $324.00 ," $1,620.00 ", $810.00 ,2/5/2019,2/10/2019,Shipped
152372,785432, Park & Eat LLC, $640.00 ," $3,200.00 "," $1,600.00 ",2/5/2019,2/9/2019,Shipped
863178,325698, Cascade Grovers, $404.00 ," $2,020.00 "," $1,010.00 ",2/6/2019,2/8/2019,Shipped
904579,325698, Cascade Grovers, $776.00 ," $3,880.00 "," $1,940.00 ",2/5/2019,2/8/2019,Shipped
630962,985245, Quick Bite Convenience Stores, $289.00 ," $1,445.00 ", $722.50 ,2/4/2019,2/8/2019,Shipped
331281,985245, Quick Bite Convenience Stores, $562.00 ," $2,810.00 "," $1,405.00 ",2/4/2019,2/8/2019,Shipped
953703,985245, Quick Bite Convenience Stores, $463.00 ," $2,315.00 "," $1,157.50 ",2/4/2019,2/8/2019,Shipped
831452,152689, YT Restaurants, $116.00 , $580.00 , $290.00 ,2/3/2019,2/8/2019,Shipped
453729,325698, Cascade Grovers, $528.00 ," $2,640.00 "," $1,320.00 ",2/5/2019,2/7/2019,Shipped
498224,785432, Park & Eat LLC, $658.00 ," $3,290.00 "," $1,645.00 ",2/2/2019,2/7/2019,Shipped
818603,152689, YT Restaurants, $157.00 , $785.00 , $392.50 ,2/2/2019,2/7/2019,Shipped
159992,452584, Acme Grocery Stores, $183.00 , $915.00 , $457.50 ,2/4/2019,2/6/2019,Shipped
954406,785432, Park & Eat LLC, $326.00 ," $1,630.00 ", $815.00 ,2/1/2019,2/6/2019,Shipped
822001,152689, YT Restaurants, $635.00 ," $3,175.00 "," $1,587.50 ",2/1/2019,2/6/2019,Shipped
949751,325698, Cascade Grovers, $749.00 ," $3,745.00 "," $1,872.50 ",2/3/2019,2/5/2019,Shipped
996504,152689, YT Restaurants, $714.00 ," $3,570.00 "," $1,785.00 ",1/30/2019,2/5/2019,Shipped
957938,452584, Acme Grocery Stores, $306.00 ," $1,530.00 ", $765.00 ,2/2/2019,2/4/2019,Shipped
220916,152689, YT Restaurants, $605.00 ," $3,025.00 "," $1,512.50 ",1/30/2019,2/4/2019,Shipped
158819,325698, Cascade Grovers, $641.00 ," $3,205.00 "," $1,602.50 ",1/31/2019,2/3/2019,Shipped
758940,785432, Park & Eat LLC, $964.00 ," $4,820.00 "," $2,410.00 ",1/29/2019,2/3/2019,Shipped
493230,785432, Park & Eat LLC, $419.00 ," $2,095.00 "," $1,047.50 ",1/28/2019,2/2/2019,Shipped
773198,152689, YT Restaurants, $103.00 , $515.00 , $257.50 ,1/28/2019,2/2/2019,Shipped
833154,152689, YT Restaurants, $766.00 ," $3,830.00 "," $1,915.00 ",1/28/2019,2/2/2019,Shipped
420928,325698, Cascade Grovers, $370.00 ," $1,850.00 ", $925.00 ,1/30/2019,2/1/2019,Shipped
895040,325698, Cascade Grovers, $900.00 ," $4,500.00 "," $2,250.00 ",1/29/2019,2/1/2019,Shipped
270747,985245, Quick Bite Convenience Stores, $724.00 ," $3,620.00 "," $1,810.00 ",1/28/2019,2/1/2019,Shipped
304169,152689, YT Restaurants, $707.00 ," $3,535.00 "," $1,767.50 ",1/27/2019,2/1/2019,Shipped
382629,152689, YT Restaurants, $557.00 ," $2,785.00 "," $1,392.50 ",1/27/2019,2/1/2019,Shipped
159645,152689, YT Restaurants, $567.00 ," $2,835.00 "," $1,417.50 ",1/27/2019,2/1/2019,Shipped
132382,152689, YT Restaurants, $74.00 , $370.00 , $185.00 ,1/26/2019,2/1/2019,Shipped
933431,152689, YT Restaurants, $915.00 ," $4,575.00 "," $2,287.50 ",1/26/2019,2/1/2019,Shipped
137268,452584, Acme Grocery Stores, $919.00 ," $4,595.00 "," $2,297.50 ",1/29/2019,1/31/2019,Shipped
544682,325698, Cascade Grovers, $831.00 ," $4,155.00 "," $2,077.50 ",1/29/2019,1/31/2019,Shipped
466711,985245, Quick Bite Convenience Stores, $699.00 ," $3,495.00 "," $1,747.50 ",1/28/2019,1/31/2019,Shipped
939561,985245, Quick Bite Convenience Stores, $195.00 , $975.00 , $487.50 ,1/27/2019,1/31/2019,Shipped
543699,785432, Park & Eat LLC, $515.00 ," $2,575.00 "," $1,287.50 ",1/26/2019,1/31/2019,Shipped
503607,325698, Cascade Grovers, $131.00 , $655.00 , $327.50 ,1/28/2019,1/30/2019,Shipped
604803,785432, Park & Eat LLC, $647.00 ," $3,235.00 "," $1,617.50 ",1/25/2019,1/30/2019,Shipped
483986,152689, YT Restaurants, $932.00 ," $4,660.00 "," $2,330.00 ",1/25/2019,1/30/2019,Shipped
465573,785432, Park & Eat LLC, $651.00 ," $3,255.00 "," $1,627.50 ",1/24/2019,1/29/2019,Shipped
834077,325698, Cascade Grovers, $661.00 ," $3,305.00 "," $1,652.50 ",1/26/2019,1/28/2019,Shipped
486987,325698, Cascade Grovers, $717.00 ," $3,585.00 "," $1,792.50 ",1/26/2019,1/28/2019,Shipped
754436,985245, Quick Bite Convenience Stores, $751.00 ," $3,755.00 "," $1,877.50 ",1/24/2019,1/28/2019,Shipped
579513,985245, Quick Bite Convenience Stores, $172.00 , $860.00 , $430.00 ,1/24/2019,1/28/2019,Shipped
797912,152689, YT Restaurants, $229.00 ," $1,145.00 ", $572.50 ,1/23/2019,1/28/2019,Shipped
398061,985245, Quick Bite Convenience Stores, $81.00 , $405.00 , $202.50 ,1/23/2019,1/27/2019,Shipped
696605,452584, Acme Grocery Stores, $320.00 ," $1,600.00 ", $800.00 ,1/24/2019,1/26/2019,Shipped
642036,785432, Park & Eat LLC, $427.00 ," $2,135.00 "," $1,067.50 ",1/22/2019,1/26/2019,Shipped
336410,785432, Park & Eat LLC, $789.00 ," $3,945.00 "," $1,972.50 ",1/21/2019,1/26/2019,Shipped
117415,785432, Park & Eat LLC, $370.00 ," $1,850.00 ", $925.00 ,1/21/2019,1/26/2019,Shipped
426513,985245, Quick Bite Convenience Stores, $893.00 ," $4,465.00 "," $2,232.50 ",1/21/2019,1/25/2019,Shipped
383537,985245, Quick Bite Convenience Stores, $858.00 ," $4,290.00 "," $2,145.00 ",1/19/2019,1/23/2019,Shipped
503563,785432, Park & Eat LLC, $457.00 ," $2,285.00 "," $1,142.50 ",1/18/2019,1/23/2019,Shipped
400908,152689, YT Restaurants, $680.00 ," $3,400.00 "," $1,700.00 ",1/18/2019,1/23/2019,Shipped
604594,152689, YT Restaurants, $238.00 ," $1,190.00 ", $595.00 ,1/18/2019,1/23/2019,Shipped
174563,452584, Acme Grocery Stores, $464.00 ," $2,320.00 "," $1,160.00 ",1/20/2019,1/22/2019,Shipped
932126,785432, Park & Eat LLC, $251.00 ," $1,255.00 ", $627.50 ,1/17/2019,1/22/2019,Shipped
408387,785432, Park & Eat LLC, $487.00 ," $2,435.00 "," $1,217.50 ",1/17/2019,1/22/2019,Shipped
423980,152689, YT Restaurants, $275.00 ," $1,375.00 ", $687.50 ,1/17/2019,1/22/2019,Shipped
242964,452584, Acme Grocery Stores, $79.00 , $395.00 , $197.50 ,1/19/2019,1/21/2019,Shipped
856233,785432, Park & Eat LLC, $401.00 ," $2,005.00 "," $1,002.50 ",1/16/2019,1/21/2019,Shipped
261400,325698, Cascade Grovers, $469.00 ," $2,345.00 "," $1,172.50 ",1/18/2019,1/20/2019,Shipped
560678,985245, Quick Bite Convenience Stores, $253.00 ," $1,265.00 ", $632.50 ,1/16/2019,1/20/2019,Shipped
383370,325698, Cascade Grovers, $789.00 ," $3,945.00 "," $1,972.50 ",1/17/2019,1/19/2019,Shipped
577690,985245, Quick Bite Convenience Stores, $570.00 ," $2,850.00 "," $1,425.00 ",1/15/2019,1/19/2019,Shipped
326653,985245, Quick Bite Convenience Stores, $854.00 ," $4,270.00 "," $2,135.00 ",1/15/2019,1/19/2019,Shipped
881201,152689, YT Restaurants, $238.00 ," $1,190.00 ", $595.00 ,1/14/2019,1/19/2019,Shipped
817852,325698, Cascade Grovers, $391.00 ," $1,955.00 ", $977.50 ,1/16/2019,1/18/2019,Shipped
155799,152689, YT Restaurants, $143.00 , $715.00 , $357.50 ,1/13/2019,1/18/2019,Shipped
526516,452584, Acme Grocery Stores, $263.00 ," $1,315.00 ", $657.50 ,1/15/2019,1/17/2019,Shipped
868785,785432, Park & Eat LLC, $135.00 , $675.00 , $337.50 ,1/13/2019,1/17/2019,Shipped
352717,985245, Quick Bite Convenience Stores, $272.00 ," $1,360.00 ", $680.00 ,1/12/2019,1/16/2019,Shipped
604057,785432, Park & Eat LLC, $927.00 ," $4,635.00 "," $2,317.50 ",1/12/2019,1/16/2019,Shipped
366965,325698, Cascade Grovers, $330.00 ," $1,650.00 ", $825.00 ,1/13/2019,1/15/2019,Shipped
579146,325698, Cascade Grovers, $215.00 ," $1,075.00 ", $537.50 ,1/12/2019,1/14/2019,Shipped
514064,985245, Quick Bite Convenience Stores, $742.00 ," $3,710.00 "," $1,855.00 ",1/11/2019,1/14/2019,Shipped
119136,985245, Quick Bite Convenience Stores, $856.00 ," $4,280.00 "," $2,140.00 ",1/10/2019,1/14/2019,Shipped
718091,325698, Cascade Grovers, $368.00 ," $1,840.00 ", $920.00 ,1/11/2019,1/13/2019,Shipped
305697,152689, YT Restaurants, $634.00 ," $3,170.00 "," $1,585.00 ",1/8/2019,1/13/2019,Shipped
335925,325698, Cascade Grovers, $694.00 ," $3,470.00 "," $1,735.00 ",1/10/2019,1/12/2019,Shipped
799315,325698, Cascade Grovers, $185.00 , $925.00 , $462.50 ,1/9/2019,1/11/2019,Shipped
622419,985245, Quick Bite Convenience Stores, $557.00 ," $2,785.00 "," $1,392.50 ",1/7/2019,1/11/2019,Shipped
850863,152689, YT Restaurants, $868.00 ," $4,340.00 "," $2,170.00 ",1/5/2019,1/10/2019,Shipped
122410,325698, Cascade Grovers, $799.00 ," $3,995.00 "," $1,997.50 ",1/7/2019,1/9/2019,Shipped
814687,785432, Park & Eat LLC, $557.00 ," $2,785.00 "," $1,392.50 ",1/4/2019,1/9/2019,Shipped
572260,785432, Park & Eat LLC, $984.00 ," $4,920.00 "," $2,460.00 ",1/4/2019,1/9/2019,Shipped
415259,985245, Quick Bite Convenience Stores, $944.00 ," $4,720.00 "," $2,360.00 ",1/5/2019,1/8/2019,Shipped
829955,152689, YT Restaurants, $364.00 ," $1,820.00 ", $910.00 ,1/3/2019,1/8/2019,Shipped
108365,452584, Acme Grocery Stores, $50.00 , $250.00 , $125.00 ,1/5/2019,1/7/2019,Shipped
546001,325698, Cascade Grovers, $554.00 ," $2,770.00 "," $1,385.00 ",1/5/2019,1/7/2019,Shipped
251624,325698, Cascade Grovers, $495.00 ," $2,475.00 "," $1,237.50 ",1/4/2019,1/6/2019,Shipped
345960,325698, Cascade Grovers, $529.00 ," $2,645.00 "," $1,322.50 ",1/4/2019,1/6/2019,Shipped
939970,325698, Cascade Grovers, $711.00 ," $3,555.00 "," $1,777.50 ",1/3/2019,1/5/2019,Shipped
615440,985245, Quick Bite Convenience Stores, $850.00 ," $4,250.00 "," $2,125.00 ",1/1/2019,1/5/2019,Shipped
665958,985245, Quick Bite Convenience Stores, $858.00 ," $4,290.00 "," $2,145.00 ",1/1/2019,1/5/2019,Shipped
130670,985245, Quick Bite Convenience Stores, $660.00 ," $3,300.00 "," $1,650.00 ",1/1/2019,1/5/2019,Shipped
955766,325698, Cascade Grovers, $341.00 ," $1,705.00 ", $852.50 ,1/1/2019,1/3/2019,Shipped
188674,325698, Cascade Grovers, $955.00 ," $4,775.00 "," $2,387.50 ",1/1/2019,1/3/2019,Shipped
