Order ID,Customer ID,Category,Cookies Shipped,Revenue,Cost,Order Date,Ship Date,Order Status
279099,985245, Quick Bite Convenience Stores, $77.00 , $385.00 , $192.50 ,11/18/2020,11/21/2020,Shipped
221661,152689, YT Restaurants, $910.00 ," $4,550.00 "," $2,275.00 ",11/16/2020,11/21/2020,Shipped
196228,325698, Cascade Grovers, $300.00 ," $1,500.00 ", $750.00 ,11/18/2020,11/20/2020,Shipped
499944,325698, Cascade Grovers, $511.00 ," $2,555.00 "," $1,277.50 ",11/18/2020,11/20/2020,Shipped
462194,985245, Quick Bite Convenience Stores, $97.00 , $485.00 , $242.50 ,11/17/2020,11/20/2020,Shipped
288845,785432, Park & Eat LLC, $868.00 ," $4,340.00 "," $2,170.00 ",11/16/2020,11/20/2020,Shipped
408539,452584, Acme Grocery Stores, $211.00 ," $1,055.00 ", $527.50 ,11/17/2020,11/19/2020,Shipped
962242,985245, Quick Bite Convenience Stores, $549.00 ," $2,745.00 "," $1,372.50 ",11/16/2020,11/19/2020,Shipped
559502,985245, Quick Bite Convenience Stores, $469.00 ," $2,345.00 "," $1,172.50 ",11/15/2020,11/19/2020,Shipped
936106,152689, YT Restaurants, $878.00 ," $4,390.00 "," $2,195.00 ",11/14/2020,11/19/2020,Shipped
716031,985245, Quick Bite Convenience Stores, $701.00 ," $3,505.00 "," $1,752.50 ",11/14/2020,11/18/2020,Shipped
410303,785432, Park & Eat LLC, $198.00 , $990.00 , $495.00 ,11/14/2020,11/18/2020,Shipped
634504,452584, Acme Grocery Stores, $415.00 ," $2,075.00 "," $1,037.50 ",11/15/2020,11/17/2020,Shipped
718857,152689, YT Restaurants, $995.00 ," $4,975.00 "," $2,487.50 ",11/12/2020,11/17/2020,Shipped
478868,985245, Quick Bite Convenience Stores, $885.00 ," $4,425.00 "," $2,212.50 ",11/13/2020,11/16/2020,Shipped
752620,985245, Quick Bite Convenience Stores, $205.00 ," $1,025.00 ", $512.50 ,11/12/2020,11/16/2020,Shipped
475652,985245, Quick Bite Convenience Stores, $154.00 , $770.00 , $385.00 ,11/12/2020,11/16/2020,Shipped
135130,152689, YT Restaurants, $236.00 ," $1,180.00 ", $590.00 ,11/11/2020,11/16/2020,Shipped
611432,452584, Acme Grocery Stores, $73.00 , $365.00 , $182.50 ,11/13/2020,11/15/2020,Shipped
908572,985245, Quick Bite Convenience Stores, $736.00 ," $3,680.00 "," $1,840.00 ",11/12/2020,11/15/2020,Shipped
484370,985245, Quick Bite Convenience Stores, $260.00 ," $1,300.00 ", $650.00 ,11/11/2020,11/15/2020,Shipped
864076,785432, Park & Eat LLC, $509.00 ," $2,545.00 "," $1,272.50 ",11/10/2020,11/15/2020,Shipped
788950,785432, Park & Eat LLC, $381.00 ," $1,905.00 ", $952.50 ,11/10/2020,11/15/2020,Shipped
687496,152689, YT Restaurants, $962.00 ," $4,810.00 "," $2,405.00 ",11/8/2020,11/13/2020,Shipped
271521,985245, Quick Bite Convenience Stores, $974.00 ," $4,870.00 "," $2,435.00 ",11/8/2020,11/12/2020,Shipped
383740,985245, Quick Bite Convenience Stores, $727.00 ," $3,635.00 "," $1,817.50 ",11/8/2020,11/12/2020,Shipped
637307,985245, Quick Bite Convenience Stores, $162.00 , $810.00 , $405.00 ,11/8/2020,11/12/2020,Shipped
569083,785432, Park & Eat LLC, $572.00 ," $2,860.00 "," $1,430.00 ",11/7/2020,11/12/2020,Shipped
117872,785432, Park & Eat LLC, $373.00 ," $1,865.00 ", $932.50 ,11/7/2020,11/12/2020,Shipped
139544,785432, Park & Eat LLC, $974.00 ," $4,870.00 "," $2,435.00 ",11/7/2020,11/12/2020,Shipped
314894,452584, Acme Grocery Stores, $708.00 ," $3,540.00 "," $1,770.00 ",11/9/2020,11/11/2020,Shipped
150465,785432, Park & Eat LLC, $324.00 ," $1,620.00 ", $810.00 ,11/5/2020,11/10/2020,Shipped
235687,152689, YT Restaurants, $203.00 ," $1,015.00 ", $507.50 ,11/5/2020,11/10/2020,Shipped
181296,152689, YT Restaurants, $313.00 ," $1,565.00 ", $782.50 ,11/5/2020,11/10/2020,Shipped
938123,152689, YT Restaurants, $745.00 ," $3,725.00 "," $1,862.50 ",11/5/2020,11/10/2020,Shipped
775527,452584, Acme Grocery Stores, $819.00 ," $4,095.00 "," $2,047.50 ",11/7/2020,11/9/2020,Shipped
127407,325698, Cascade Grovers, $614.00 ," $3,070.00 "," $1,535.00 ",11/7/2020,11/9/2020,Shipped
357655,325698, Cascade Grovers, $983.00 ," $4,915.00 "," $2,457.50 ",11/6/2020,11/9/2020,Shipped
812625,985245, Quick Bite Convenience Stores, $223.00 ," $1,115.00 ", $557.50 ,11/5/2020,11/9/2020,Shipped
219569,785432, Park & Eat LLC, $189.00 , $945.00 , $472.50 ,11/3/2020,11/8/2020,Shipped
226773,985245, Quick Bite Convenience Stores, $230.00 ," $1,150.00 ", $575.00 ,11/3/2020,11/7/2020,Shipped
307166,325698, Cascade Grovers, $346.00 ," $1,730.00 ", $865.00 ,11/4/2020,11/6/2020,Shipped
930404,985245, Quick Bite Convenience Stores, $781.00 ," $3,905.00 "," $1,952.50 ",11/3/2020,11/6/2020,Shipped
144280,325698, Cascade Grovers, $227.00 ," $1,135.00 ", $567.50 ,11/3/2020,11/5/2020,Shipped
530686,152689, YT Restaurants, $958.00 ," $4,790.00 "," $2,395.00 ",10/31/2020,11/5/2020,Shipped
536529,985245, Quick Bite Convenience Stores, $58.00 , $290.00 , $145.00 ,10/31/2020,11/4/2020,Shipped
306949,152689, YT Restaurants, $500.00 ," $2,500.00 "," $1,250.00 ",10/30/2020,11/4/2020,Shipped
179747,785432, Park & Eat LLC, $344.00 ," $1,720.00 ", $860.00 ,10/29/2020,11/3/2020,Shipped
415297,325698, Cascade Grovers, $541.00 ," $2,705.00 "," $1,352.50 ",10/31/2020,11/2/2020,Shipped
803754,985245, Quick Bite Convenience Stores, $792.00 ," $3,960.00 "," $1,980.00 ",10/30/2020,11/2/2020,Shipped
360010,785432, Park & Eat LLC, $630.00 ," $3,150.00 "," $1,575.00 ",10/28/2020,11/2/2020,Shipped
716943,452584, Acme Grocery Stores, $385.00 ," $1,925.00 ", $962.50 ,10/30/2020,11/1/2020,Shipped
819913,325698, Cascade Grovers, $614.00 ," $3,070.00 "," $1,535.00 ",10/30/2020,11/1/2020,Shipped
235684,785432, Park & Eat LLC, $703.00 ," $3,515.00 "," $1,757.50 ",10/27/2020,11/1/2020,Shipped
532193,152689, YT Restaurants, $799.00 ," $3,995.00 "," $1,997.50 ",10/27/2020,11/1/2020,Shipped
545475,325698, Cascade Grovers, $981.00 ," $4,905.00 "," $2,452.50 ",10/29/2020,10/31/2020,Shipped
959672,985245, Quick Bite Convenience Stores, $916.00 ," $4,580.00 "," $2,290.00 ",10/27/2020,10/30/2020,Shipped
935480,985245, Quick Bite Convenience Stores, $854.00 ," $4,270.00 "," $2,135.00 ",10/26/2020,10/30/2020,Shipped
975878,325698, Cascade Grovers, $929.00 ," $4,645.00 "," $2,322.50 ",10/26/2020,10/29/2020,Shipped
652173,985245, Quick Bite Convenience Stores, $906.00 ," $4,530.00 "," $2,265.00 ",10/25/2020,10/29/2020,Shipped
241313,785432, Park & Eat LLC, $467.00 ," $2,335.00 "," $1,167.50 ",10/24/2020,10/29/2020,Shipped
114216,152689, YT Restaurants, $133.00 , $665.00 , $332.50 ,10/24/2020,10/29/2020,Shipped
842364,325698, Cascade Grovers, $587.00 ," $2,935.00 "," $1,467.50 ",10/25/2020,10/28/2020,Shipped
549371,985245, Quick Bite Convenience Stores, $648.00 ," $3,240.00 "," $1,620.00 ",10/24/2020,10/28/2020,Shipped
968753,785432, Park & Eat LLC, $832.00 ," $4,160.00 "," $2,080.00 ",10/22/2020,10/27/2020,Shipped
876380,325698, Cascade Grovers, $733.00 ," $3,665.00 "," $1,832.50 ",10/24/2020,10/26/2020,Shipped
292936,985245, Quick Bite Convenience Stores, $154.00 , $770.00 , $385.00 ,10/23/2020,10/26/2020,Shipped
845415,985245, Quick Bite Convenience Stores, $77.00 , $385.00 , $192.50 ,10/22/2020,10/26/2020,Shipped
390225,785432, Park & Eat LLC, $784.00 ," $3,920.00 "," $1,960.00 ",10/21/2020,10/26/2020,Shipped
773249,152689, YT Restaurants, $82.00 , $410.00 , $205.00 ,10/21/2020,10/26/2020,Shipped
269054,452584, Acme Grocery Stores, $530.00 ," $2,650.00 "," $1,325.00 ",10/23/2020,10/25/2020,Shipped
540203,325698, Cascade Grovers, $892.00 ," $4,460.00 "," $2,230.00 ",10/23/2020,10/25/2020,Shipped
819814,325698, Cascade Grovers, $625.00 ," $3,125.00 "," $1,562.50 ",10/22/2020,10/24/2020,Shipped
699866,152689, YT Restaurants, $437.00 ," $2,185.00 "," $1,092.50 ",10/18/2020,10/23/2020,Shipped
108356,985245, Quick Bite Convenience Stores, $856.00 ," $4,280.00 "," $2,140.00 ",10/18/2020,10/22/2020,Shipped
376963,152689, YT Restaurants, $888.00 ," $4,440.00 "," $2,220.00 ",10/16/2020,10/21/2020,Shipped
907453,325698, Cascade Grovers, $914.00 ," $4,570.00 "," $2,285.00 ",10/17/2020,10/20/2020,Shipped
542652,985245, Quick Bite Convenience Stores, $275.00 ," $1,375.00 ", $687.50 ,10/16/2020,10/20/2020,Shipped
722994,985245, Quick Bite Convenience Stores, $669.00 ," $3,345.00 "," $1,672.50 ",10/16/2020,10/20/2020,Shipped
421209,985245, Quick Bite Convenience Stores, $344.00 ," $1,720.00 ", $860.00 ,10/16/2020,10/20/2020,Shipped
239072,985245, Quick Bite Convenience Stores, $389.00 ," $1,945.00 ", $972.50 ,10/15/2020,10/19/2020,Shipped
230894,785432, Park & Eat LLC, $630.00 ," $3,150.00 "," $1,575.00 ",10/15/2020,10/19/2020,Shipped
444842,325698, Cascade Grovers, $344.00 ," $1,720.00 ", $860.00 ,10/16/2020,10/18/2020,Shipped
137793,985245, Quick Bite Convenience Stores, $941.00 ," $4,705.00 "," $2,352.50 ",10/14/2020,10/18/2020,Shipped
537482,985245, Quick Bite Convenience Stores, $287.00 ," $1,435.00 ", $717.50 ,10/14/2020,10/18/2020,Shipped
817213,452584, Acme Grocery Stores, $994.00 ," $4,970.00 "," $2,485.00 ",10/15/2020,10/17/2020,Shipped
679459,325698, Cascade Grovers, $598.00 ," $2,990.00 "," $1,495.00 ",10/15/2020,10/17/2020,Shipped
205399,985245, Quick Bite Convenience Stores, $513.00 ," $2,565.00 "," $1,282.50 ",10/12/2020,10/16/2020,Shipped
824586,152689, YT Restaurants, $537.00 ," $2,685.00 "," $1,342.50 ",10/11/2020,10/16/2020,Shipped
862433,985245, Quick Bite Convenience Stores, $194.00 , $970.00 , $485.00 ,10/11/2020,10/15/2020,Shipped
814288,452584, Acme Grocery Stores, $338.00 ," $1,690.00 ", $845.00 ,10/12/2020,10/14/2020,Shipped
288993,325698, Cascade Grovers, $594.00 ," $2,970.00 "," $1,485.00 ",10/11/2020,10/13/2020,Shipped
855210,325698, Cascade Grovers, $998.00 ," $4,990.00 "," $2,495.00 ",10/11/2020,10/13/2020,Shipped
842733,325698, Cascade Grovers, $145.00 , $725.00 , $362.50 ,10/10/2020,10/12/2020,Shipped
447940,325698, Cascade Grovers, $402.00 ," $2,010.00 "," $1,005.00 ",10/8/2020,10/11/2020,Shipped
256598,152689, YT Restaurants, $240.00 ," $1,200.00 ", $600.00 ,10/6/2020,10/11/2020,Shipped
349180,785432, Park & Eat LLC, $278.00 ," $1,390.00 ", $695.00 ,10/6/2020,10/10/2020,Shipped
357032,325698, Cascade Grovers, $226.00 ," $1,130.00 ", $565.00 ,10/6/2020,10/8/2020,Shipped
473006,785432, Park & Eat LLC, $494.00 ," $2,470.00 "," $1,235.00 ",10/3/2020,10/8/2020,Shipped
772310,785432, Park & Eat LLC, $547.00 ," $2,735.00 "," $1,367.50 ",10/2/2020,10/7/2020,Shipped
247536,152689, YT Restaurants, $325.00 ," $1,625.00 ", $812.50 ,10/1/2020,10/6/2020,Shipped
813315,325698, Cascade Grovers, $358.00 ," $1,790.00 ", $895.00 ,10/3/2020,10/5/2020,Shipped
325227,985245, Quick Bite Convenience Stores, $923.00 ," $4,615.00 "," $2,307.50 ",10/2/2020,10/5/2020,Shipped
272980,985245, Quick Bite Convenience Stores, $304.00 ," $1,520.00 ", $760.00 ,9/30/2020,10/4/2020,Shipped
397421,785432, Park & Eat LLC, $914.00 ," $4,570.00 "," $2,285.00 ",9/28/2020,10/3/2020,Shipped
646896,325698, Cascade Grovers, $870.00 ," $4,350.00 "," $2,175.00 ",9/28/2020,9/30/2020,Shipped
522003,985245, Quick Bite Convenience Stores, $994.00 ," $4,970.00 "," $2,485.00 ",9/26/2020,9/30/2020,Shipped
229340,785432, Park & Eat LLC, $221.00 ," $1,105.00 ", $552.50 ,9/26/2020,9/30/2020,Shipped
790995,152689, YT Restaurants, $223.00 ," $1,115.00 ", $557.50 ,9/25/2020,9/30/2020,Shipped
802156,985245, Quick Bite Convenience Stores, $807.00 ," $4,035.00 "," $2,017.50 ",9/25/2020,9/28/2020,Shipped
330850,785432, Park & Eat LLC, $710.00 ," $3,550.00 "," $1,775.00 ",9/23/2020,9/28/2020,Shipped
891463,785432, Park & Eat LLC, $696.00 ," $3,480.00 "," $1,740.00 ",9/22/2020,9/27/2020,Shipped
413110,152689, YT Restaurants, $505.00 ," $2,525.00 "," $1,262.50 ",9/22/2020,9/27/2020,Shipped
786776,985245, Quick Bite Convenience Stores, $924.00 ," $4,620.00 "," $2,310.00 ",9/22/2020,9/26/2020,Shipped
385190,152689, YT Restaurants, $578.00 ," $2,890.00 "," $1,445.00 ",9/21/2020,9/26/2020,Shipped
823232,325698, Cascade Grovers, $336.00 ," $1,680.00 ", $840.00 ,9/23/2020,9/25/2020,Shipped
801479,325698, Cascade Grovers, $798.00 ," $3,990.00 "," $1,995.00 ",9/23/2020,9/25/2020,Shipped
112557,785432, Park & Eat LLC, $914.00 ," $4,570.00 "," $2,285.00 ",9/21/2020,9/25/2020,Shipped
285527,152689, YT Restaurants, $158.00 , $790.00 , $395.00 ,9/20/2020,9/25/2020,Shipped
648206,985245, Quick Bite Convenience Stores, $326.00 ," $1,630.00 ", $815.00 ,9/20/2020,9/24/2020,Shipped
828741,985245, Quick Bite Convenience Stores, $929.00 ," $4,645.00 "," $2,322.50 ",9/20/2020,9/23/2020,Shipped
698606,985245, Quick Bite Convenience Stores, $351.00 ," $1,755.00 ", $877.50 ,9/19/2020,9/23/2020,Shipped
875333,325698, Cascade Grovers, $645.00 ," $3,225.00 "," $1,612.50 ",9/19/2020,9/22/2020,Shipped
213622,325698, Cascade Grovers, $719.00 ," $3,595.00 "," $1,797.50 ",9/19/2020,9/22/2020,Shipped
529538,152689, YT Restaurants, $362.00 ," $1,810.00 ", $905.00 ,9/17/2020,9/22/2020,Shipped
424877,785432, Park & Eat LLC, $569.00 ," $2,845.00 "," $1,422.50 ",9/17/2020,9/21/2020,Shipped
226348,152689, YT Restaurants, $132.00 , $660.00 , $330.00 ,9/16/2020,9/21/2020,Shipped
912523,325698, Cascade Grovers, $338.00 ," $1,690.00 ", $845.00 ,9/18/2020,9/20/2020,Shipped
903906,785432, Park & Eat LLC, $181.00 , $905.00 , $452.50 ,9/15/2020,9/20/2020,Shipped
420070,452584, Acme Grocery Stores, $624.00 ," $3,120.00 "," $1,560.00 ",9/17/2020,9/19/2020,Shipped
891014,985245, Quick Bite Convenience Stores, $817.00 ," $4,085.00 "," $2,042.50 ",9/14/2020,9/18/2020,Shipped
434559,325698, Cascade Grovers, $951.00 ," $4,755.00 "," $2,377.50 ",9/15/2020,9/17/2020,Shipped
883904,325698, Cascade Grovers, $290.00 ," $1,450.00 ", $725.00 ,9/15/2020,9/17/2020,Shipped
472936,785432, Park & Eat LLC, $266.00 ," $1,330.00 ", $665.00 ,9/12/2020,9/17/2020,Shipped
774368,452584, Acme Grocery Stores, $595.00 ," $2,975.00 "," $1,487.50 ",9/14/2020,9/16/2020,Shipped
675332,985245, Quick Bite Convenience Stores, $174.00 , $870.00 , $435.00 ,9/12/2020,9/16/2020,Shipped
484163,325698, Cascade Grovers, $305.00 ," $1,525.00 ", $762.50 ,9/13/2020,9/15/2020,Shipped
392094,985245, Quick Bite Convenience Stores, $116.00 , $580.00 , $290.00 ,9/11/2020,9/15/2020,Shipped
556763,325698, Cascade Grovers, $959.00 ," $4,795.00 "," $2,397.50 ",9/12/2020,9/14/2020,Shipped
440095,325698, Cascade Grovers, $724.00 ," $3,620.00 "," $1,810.00 ",9/12/2020,9/14/2020,Shipped
458923,325698, Cascade Grovers, $991.00 ," $4,955.00 "," $2,477.50 ",9/12/2020,9/14/2020,Shipped
443908,785432, Park & Eat LLC, $814.00 ," $4,070.00 "," $2,035.00 ",9/10/2020,9/14/2020,Shipped
399261,152689, YT Restaurants, $76.00 , $380.00 , $190.00 ,9/8/2020,9/13/2020,Shipped
553123,325698, Cascade Grovers, $583.00 ," $2,915.00 "," $1,457.50 ",9/10/2020,9/12/2020,Shipped
986380,985245, Quick Bite Convenience Stores, $296.00 ," $1,480.00 ", $740.00 ,9/8/2020,9/12/2020,Shipped
240134,985245, Quick Bite Convenience Stores, $59.00 , $295.00 , $147.50 ,9/8/2020,9/11/2020,Shipped
237292,985245, Quick Bite Convenience Stores, $485.00 ," $2,425.00 "," $1,212.50 ",9/7/2020,9/10/2020,Shipped
575740,985245, Quick Bite Convenience Stores, $864.00 ," $4,320.00 "," $2,160.00 ",9/6/2020,9/10/2020,Shipped
146974,985245, Quick Bite Convenience Stores, $280.00 ," $1,400.00 ", $700.00 ,9/6/2020,9/10/2020,Shipped
620966,785432, Park & Eat LLC, $856.00 ," $4,280.00 "," $2,140.00 ",9/5/2020,9/9/2020,Shipped
935645,152689, YT Restaurants, $924.00 ," $4,620.00 "," $2,310.00 ",9/4/2020,9/9/2020,Shipped
928371,325698, Cascade Grovers, $767.00 ," $3,835.00 "," $1,917.50 ",9/6/2020,9/8/2020,Shipped
361767,985245, Quick Bite Convenience Stores, $865.00 ," $4,325.00 "," $2,162.50 ",9/4/2020,9/8/2020,Shipped
288307,325698, Cascade Grovers, $870.00 ," $4,350.00 "," $2,175.00 ",9/4/2020,9/7/2020,Shipped
812474,785432, Park & Eat LLC, $812.00 ," $4,060.00 "," $2,030.00 ",9/3/2020,9/7/2020,Shipped
107296,325698, Cascade Grovers, $344.00 ," $1,720.00 ", $860.00 ,9/4/2020,9/6/2020,Shipped
481646,785432, Park & Eat LLC, $999.00 ," $4,995.00 "," $2,497.50 ",9/2/2020,9/6/2020,Shipped
457359,152689, YT Restaurants, $243.00 ," $1,215.00 ", $607.50 ,9/1/2020,9/6/2020,Shipped
151502,325698, Cascade Grovers, $631.00 ," $3,155.00 "," $1,577.50 ",9/3/2020,9/5/2020,Shipped
628174,785432, Park & Eat LLC, $356.00 ," $1,780.00 ", $890.00 ,8/31/2020,9/5/2020,Shipped
508231,785432, Park & Eat LLC, $841.00 ," $4,205.00 "," $2,102.50 ",8/30/2020,9/4/2020,Shipped
666065,152689, YT Restaurants, $643.00 ," $3,215.00 "," $1,607.50 ",8/30/2020,9/4/2020,Shipped
657662,325698, Cascade Grovers, $673.00 ," $3,365.00 "," $1,682.50 ",9/1/2020,9/3/2020,Shipped
590302,985245, Quick Bite Convenience Stores, $685.00 ," $3,425.00 "," $1,712.50 ",8/30/2020,9/3/2020,Shipped
330456,985245, Quick Bite Convenience Stores, $929.00 ," $4,645.00 "," $2,322.50 ",8/30/2020,9/2/2020,Shipped
266567,985245, Quick Bite Convenience Stores, $322.00 ," $1,610.00 ", $805.00 ,8/27/2020,8/30/2020,Shipped
587650,985245, Quick Bite Convenience Stores, $725.00 ," $3,625.00 "," $1,812.50 ",8/26/2020,8/30/2020,Shipped
537636,325698, Cascade Grovers, $72.00 , $360.00 , $180.00 ,8/26/2020,8/29/2020,Shipped
276551,152689, YT Restaurants, $952.00 ," $4,760.00 "," $2,380.00 ",8/24/2020,8/29/2020,Shipped
306161,985245, Quick Bite Convenience Stores, $137.00 , $685.00 , $342.50 ,8/25/2020,8/28/2020,Shipped
635739,985245, Quick Bite Convenience Stores, $300.00 ," $1,500.00 ", $750.00 ,8/24/2020,8/28/2020,Shipped
832942,325698, Cascade Grovers, $203.00 ," $1,015.00 ", $507.50 ,8/24/2020,8/27/2020,Shipped
935387,325698, Cascade Grovers, $204.00 ," $1,020.00 ", $510.00 ,8/24/2020,8/27/2020,Shipped
496449,152689, YT Restaurants, $581.00 ," $2,905.00 "," $1,452.50 ",8/22/2020,8/27/2020,Shipped
823818,452584, Acme Grocery Stores, $796.00 ," $3,980.00 "," $1,990.00 ",8/24/2020,8/26/2020,Shipped
227560,985245, Quick Bite Convenience Stores, $98.00 , $490.00 , $245.00 ,8/23/2020,8/26/2020,Shipped
265323,985245, Quick Bite Convenience Stores, $238.00 ," $1,190.00 ", $595.00 ,8/22/2020,8/26/2020,Shipped
167444,325698, Cascade Grovers, $456.00 ," $2,280.00 "," $1,140.00 ",8/23/2020,8/25/2020,Shipped
693647,985245, Quick Bite Convenience Stores, $373.00 ," $1,865.00 ", $932.50 ,8/21/2020,8/25/2020,Shipped
521134,785432, Park & Eat LLC, $630.00 ," $3,150.00 "," $1,575.00 ",8/20/2020,8/25/2020,Shipped
949215,325698, Cascade Grovers, $653.00 ," $3,265.00 "," $1,632.50 ",8/22/2020,8/24/2020,Shipped
962892,985245, Quick Bite Convenience Stores, $244.00 ," $1,220.00 ", $610.00 ,8/20/2020,8/24/2020,Shipped
242192,152689, YT Restaurants, $335.00 ," $1,675.00 ", $837.50 ,8/19/2020,8/24/2020,Shipped
358231,152689, YT Restaurants, $994.00 ," $4,970.00 "," $2,485.00 ",8/19/2020,8/24/2020,Shipped
766149,325698, Cascade Grovers, $327.00 ," $1,635.00 ", $817.50 ,8/21/2020,8/23/2020,Shipped
848102,325698, Cascade Grovers, $884.00 ," $4,420.00 "," $2,210.00 ",8/20/2020,8/23/2020,Shipped
974299,785432, Park & Eat LLC, $351.00 ," $1,755.00 ", $877.50 ,8/16/2020,8/21/2020,Shipped
758382,152689, YT Restaurants, $704.00 ," $3,520.00 "," $1,760.00 ",8/16/2020,8/21/2020,Shipped
594827,152689, YT Restaurants, $451.00 ," $2,255.00 "," $1,127.50 ",8/16/2020,8/21/2020,Shipped
608406,152689, YT Restaurants, $101.00 , $505.00 , $252.50 ,8/15/2020,8/20/2020,Shipped
381671,785432, Park & Eat LLC, $783.00 ," $3,915.00 "," $1,957.50 ",8/15/2020,8/19/2020,Shipped
371715,452584, Acme Grocery Stores, $196.00 , $980.00 , $490.00 ,8/16/2020,8/18/2020,Shipped
862369,325698, Cascade Grovers, $227.00 ," $1,135.00 ", $567.50 ,8/15/2020,8/18/2020,Shipped
712438,985245, Quick Bite Convenience Stores, $120.00 , $600.00 , $300.00 ,8/14/2020,8/18/2020,Shipped
534207,985245, Quick Bite Convenience Stores, $129.00 , $645.00 , $322.50 ,8/14/2020,8/18/2020,Shipped
960683,985245, Quick Bite Convenience Stores, $306.00 ," $1,530.00 ", $765.00 ,8/14/2020,8/18/2020,Shipped
247821,152689, YT Restaurants, $551.00 ," $2,755.00 "," $1,377.50 ",8/12/2020,8/17/2020,Shipped
964607,325698, Cascade Grovers, $282.00 ," $1,410.00 ", $705.00 ,8/14/2020,8/16/2020,Shipped
302687,325698, Cascade Grovers, $806.00 ," $4,030.00 "," $2,015.00 ",8/14/2020,8/16/2020,Shipped
873443,985245, Quick Bite Convenience Stores, $750.00 ," $3,750.00 "," $1,875.00 ",8/12/2020,8/16/2020,Shipped
395408,152689, YT Restaurants, $882.00 ," $4,410.00 "," $2,205.00 ",8/10/2020,8/15/2020,Shipped
859967,152689, YT Restaurants, $835.00 ," $4,175.00 "," $2,087.50 ",8/9/2020,8/14/2020,Shipped
519113,325698, Cascade Grovers, $750.00 ," $3,750.00 "," $1,875.00 ",8/11/2020,8/13/2020,Shipped
264072,325698, Cascade Grovers, $421.00 ," $2,105.00 "," $1,052.50 ",8/11/2020,8/13/2020,Shipped
886394,985245, Quick Bite Convenience Stores, $801.00 ," $4,005.00 "," $2,002.50 ",8/9/2020,8/13/2020,Shipped
139007,785432, Park & Eat LLC, $136.00 , $680.00 , $340.00 ,8/9/2020,8/13/2020,Shipped
123764,152689, YT Restaurants, $790.00 ," $3,950.00 "," $1,975.00 ",8/8/2020,8/13/2020,Shipped
791151,152689, YT Restaurants, $788.00 ," $3,940.00 "," $1,970.00 ",8/8/2020,8/13/2020,Shipped
262143,152689, YT Restaurants, $260.00 ," $1,300.00 ", $650.00 ,8/8/2020,8/13/2020,Shipped
471910,325698, Cascade Grovers, $937.00 ," $4,685.00 "," $2,342.50 ",8/10/2020,8/12/2020,Shipped
266332,785432, Park & Eat LLC, $964.00 ," $4,820.00 "," $2,410.00 ",8/7/2020,8/12/2020,Shipped
498490,785432, Park & Eat LLC, $953.00 ," $4,765.00 "," $2,382.50 ",8/7/2020,8/12/2020,Shipped
452305,325698, Cascade Grovers, $489.00 ," $2,445.00 "," $1,222.50 ",8/9/2020,8/11/2020,Shipped
903389,985245, Quick Bite Convenience Stores, $968.00 ," $4,840.00 "," $2,420.00 ",8/8/2020,8/11/2020,Shipped
258586,985245, Quick Bite Convenience Stores, $279.00 ," $1,395.00 ", $697.50 ,8/7/2020,8/11/2020,Shipped
659259,985245, Quick Bite Convenience Stores, $922.00 ," $4,610.00 "," $2,305.00 ",8/7/2020,8/11/2020,Shipped
395499,985245, Quick Bite Convenience Stores, $530.00 ," $2,650.00 "," $1,325.00 ",8/7/2020,8/11/2020,Shipped
116171,785432, Park & Eat LLC, $211.00 ," $1,055.00 ", $527.50 ,8/6/2020,8/11/2020,Shipped
703705,785432, Park & Eat LLC, $278.00 ," $1,390.00 ", $695.00 ,8/2/2020,8/7/2020,Shipped
611832,785432, Park & Eat LLC, $294.00 ," $1,470.00 ", $735.00 ,8/2/2020,8/7/2020,Shipped
794596,152689, YT Restaurants, $861.00 ," $4,305.00 "," $2,152.50 ",8/1/2020,8/6/2020,Shipped
742400,152689, YT Restaurants, $430.00 ," $2,150.00 "," $1,075.00 ",8/1/2020,8/6/2020,Shipped
860337,325698, Cascade Grovers, $762.00 ," $3,810.00 "," $1,905.00 ",8/2/2020,8/5/2020,Shipped
267734,785432, Park & Eat LLC, $350.00 ," $1,750.00 ", $875.00 ,8/1/2020,8/5/2020,Shipped
188185,152689, YT Restaurants, $984.00 ," $4,920.00 "," $2,460.00 ",7/30/2020,8/5/2020,Shipped
842917,785432, Park & Eat LLC, $879.00 ," $4,395.00 "," $2,197.50 ",7/31/2020,8/4/2020,Shipped
377090,785432, Park & Eat LLC, $205.00 ," $1,025.00 ", $512.50 ,7/30/2020,8/4/2020,Shipped
795903,785432, Park & Eat LLC, $203.00 ," $1,015.00 ", $507.50 ,7/29/2020,8/3/2020,Shipped
617130,152689, YT Restaurants, $413.00 ," $2,065.00 "," $1,032.50 ",7/29/2020,8/3/2020,Shipped
213667,785432, Park & Eat LLC, $959.00 ," $4,795.00 "," $2,397.50 ",7/27/2020,8/1/2020,Shipped
796392,152689, YT Restaurants, $554.00 ," $2,770.00 "," $1,385.00 ",7/27/2020,8/1/2020,Shipped
523951,985245, Quick Bite Convenience Stores, $753.00 ," $3,765.00 "," $1,882.50 ",7/28/2020,7/31/2020,Shipped
713036,785432, Park & Eat LLC, $120.00 , $600.00 , $300.00 ,7/26/2020,7/30/2020,Shipped
700836,152689, YT Restaurants, $638.00 ," $3,190.00 "," $1,595.00 ",7/25/2020,7/30/2020,Shipped
656435,325698, Cascade Grovers, $446.00 ," $2,230.00 "," $1,115.00 ",7/27/2020,7/29/2020,Shipped
720076,985245, Quick Bite Convenience Stores, $74.00 , $370.00 , $185.00 ,7/26/2020,7/29/2020,Shipped
788976,985245, Quick Bite Convenience Stores, $995.00 ," $4,975.00 "," $2,487.50 ",7/25/2020,7/29/2020,Shipped
125981,452584, Acme Grocery Stores, $730.00 ," $3,650.00 "," $1,825.00 ",7/26/2020,7/28/2020,Shipped
425178,325698, Cascade Grovers, $551.00 ," $2,755.00 "," $1,377.50 ",7/26/2020,7/28/2020,Shipped
901049,325698, Cascade Grovers, $85.00 , $425.00 , $212.50 ,7/26/2020,7/28/2020,Shipped
299509,325698, Cascade Grovers, $603.00 ," $3,015.00 "," $1,507.50 ",7/26/2020,7/28/2020,Shipped
883530,985245, Quick Bite Convenience Stores, $405.00 ," $2,025.00 "," $1,012.50 ",7/24/2020,7/28/2020,Shipped
181476,785432, Park & Eat LLC, $679.00 ," $3,395.00 "," $1,697.50 ",7/23/2020,7/28/2020,Shipped
757342,152689, YT Restaurants, $914.00 ," $4,570.00 "," $2,285.00 ",7/23/2020,7/28/2020,Shipped
522597,152689, YT Restaurants, $974.00 ," $4,870.00 "," $2,435.00 ",7/23/2020,7/28/2020,Shipped
897313,785432, Park & Eat LLC, $751.00 ," $3,755.00 "," $1,877.50 ",7/22/2020,7/27/2020,Shipped
622196,325698, Cascade Grovers, $295.00 ," $1,475.00 ", $737.50 ,7/24/2020,7/26/2020,Shipped
889173,152689, YT Restaurants, $420.00 ," $2,100.00 "," $1,050.00 ",7/21/2020,7/26/2020,Shipped
896104,152689, YT Restaurants, $674.00 ," $3,370.00 "," $1,685.00 ",7/21/2020,7/26/2020,Shipped
715177,152689, YT Restaurants, $567.00 ," $2,835.00 "," $1,417.50 ",7/20/2020,7/25/2020,Shipped
870583,325698, Cascade Grovers, $675.00 ," $3,375.00 "," $1,687.50 ",7/22/2020,7/24/2020,Shipped
333890,985245, Quick Bite Convenience Stores, $990.00 ," $4,950.00 "," $2,475.00 ",7/20/2020,7/24/2020,Shipped
755552,785432, Park & Eat LLC, $407.00 ," $2,035.00 "," $1,017.50 ",7/19/2020,7/24/2020,Shipped
907373,325698, Cascade Grovers, $258.00 ," $1,290.00 ", $645.00 ,7/21/2020,7/23/2020,Shipped
450396,785432, Park & Eat LLC, $366.00 ," $1,830.00 ", $915.00 ,7/17/2020,7/22/2020,Shipped
594653,785432, Park & Eat LLC, $479.00 ," $2,395.00 "," $1,197.50 ",7/17/2020,7/22/2020,Shipped
817966,452584, Acme Grocery Stores, $504.00 ," $2,520.00 "," $1,260.00 ",7/19/2020,7/21/2020,Shipped
790479,325698, Cascade Grovers, $418.00 ," $2,090.00 "," $1,045.00 ",7/18/2020,7/21/2020,Shipped
647466,785432, Park & Eat LLC, $551.00 ," $2,755.00 "," $1,377.50 ",7/16/2020,7/21/2020,Shipped
244638,325698, Cascade Grovers, $506.00 ," $2,530.00 "," $1,265.00 ",7/18/2020,7/20/2020,Shipped
807093,785432, Park & Eat LLC, $388.00 ," $1,940.00 ", $970.00 ,7/15/2020,7/20/2020,Shipped
774602,325698, Cascade Grovers, $415.00 ," $2,075.00 "," $1,037.50 ",7/16/2020,7/18/2020,Shipped
357762,152689, YT Restaurants, $702.00 ," $3,510.00 "," $1,755.00 ",7/12/2020,7/17/2020,Shipped
288076,152689, YT Restaurants, $448.00 ," $2,240.00 "," $1,120.00 ",7/12/2020,7/17/2020,Shipped
745043,325698, Cascade Grovers, $319.00 ," $1,595.00 ", $797.50 ,7/13/2020,7/16/2020,Shipped
315403,325698, Cascade Grovers, $346.00 ," $1,730.00 ", $865.00 ,7/12/2020,7/15/2020,Shipped
574269,152689, YT Restaurants, $273.00 ," $1,365.00 ", $682.50 ,7/10/2020,7/15/2020,Shipped
883760,325698, Cascade Grovers, $198.00 , $990.00 , $495.00 ,7/10/2020,7/13/2020,Shipped
490026,985245, Quick Bite Convenience Stores, $810.00 ," $4,050.00 "," $2,025.00 ",7/8/2020,7/12/2020,Shipped
286070,985245, Quick Bite Convenience Stores, $482.00 ," $2,410.00 "," $1,205.00 ",7/8/2020,7/12/2020,Shipped
668496,785432, Park & Eat LLC, $276.00 ," $1,380.00 ", $690.00 ,7/8/2020,7/12/2020,Shipped
509533,785432, Park & Eat LLC, $359.00 ," $1,795.00 ", $897.50 ,7/7/2020,7/12/2020,Shipped
413522,785432, Park & Eat LLC, $58.00 , $290.00 , $145.00 ,7/7/2020,7/12/2020,Shipped
863923,785432, Park & Eat LLC, $650.00 ," $3,250.00 "," $1,625.00 ",7/7/2020,7/12/2020,Shipped
664028,325698, Cascade Grovers, $765.00 ," $3,825.00 "," $1,912.50 ",7/9/2020,7/11/2020,Shipped
977702,325698, Cascade Grovers, $691.00 ," $3,455.00 "," $1,727.50 ",7/9/2020,7/11/2020,Shipped
788829,152689, YT Restaurants, $69.00 , $345.00 , $172.50 ,7/6/2020,7/11/2020,Shipped
379102,152689, YT Restaurants, $763.00 ," $3,815.00 "," $1,907.50 ",7/6/2020,7/11/2020,Shipped
597289,325698, Cascade Grovers, $551.00 ," $2,755.00 "," $1,377.50 ",7/7/2020,7/10/2020,Shipped
616130,785432, Park & Eat LLC, $176.00 , $880.00 , $440.00 ,7/5/2020,7/10/2020,Shipped
868809,985245, Quick Bite Convenience Stores, $842.00 ," $4,210.00 "," $2,105.00 ",7/6/2020,7/9/2020,Shipped
768109,452584, Acme Grocery Stores, $916.00 ," $4,580.00 "," $2,290.00 ",7/6/2020,7/8/2020,Shipped
758970,325698, Cascade Grovers, $905.00 ," $4,525.00 "," $2,262.50 ",7/6/2020,7/8/2020,Shipped
626811,785432, Park & Eat LLC, $272.00 ," $1,360.00 ", $680.00 ,7/3/2020,7/8/2020,Shipped
949983,325698, Cascade Grovers, $954.00 ," $4,770.00 "," $2,385.00 ",7/5/2020,7/7/2020,Shipped
687286,985245, Quick Bite Convenience Stores, $110.00 , $550.00 , $275.00 ,7/3/2020,7/7/2020,Shipped
223114,785432, Park & Eat LLC, $754.00 ," $3,770.00 "," $1,885.00 ",6/30/2020,7/5/2020,Shipped
170610,325698, Cascade Grovers, $60.00 , $300.00 , $150.00 ,7/2/2020,7/4/2020,Shipped
821188,325698, Cascade Grovers, $98.00 , $490.00 , $245.00 ,7/1/2020,7/3/2020,Shipped
262822,985245, Quick Bite Convenience Stores, $70.00 , $350.00 , $175.00 ,6/29/2020,7/3/2020,Shipped
881015,325698, Cascade Grovers, $909.00 ," $4,545.00 "," $2,272.50 ",6/30/2020,7/2/2020,Shipped
129744,325698, Cascade Grovers, $803.00 ," $4,015.00 "," $2,007.50 ",6/29/2020,7/1/2020,Shipped
667776,325698, Cascade Grovers, $397.00 ," $1,985.00 ", $992.50 ,6/28/2020,7/1/2020,Shipped
863063,325698, Cascade Grovers, $608.00 ," $3,040.00 "," $1,520.00 ",6/28/2020,6/30/2020,Shipped
996001,152689, YT Restaurants, $909.00 ," $4,545.00 "," $2,272.50 ",6/25/2020,6/30/2020,Shipped
186064,452584, Acme Grocery Stores, $893.00 ," $4,465.00 "," $2,232.50 ",6/26/2020,6/28/2020,Shipped
486982,985245, Quick Bite Convenience Stores, $543.00 ," $2,715.00 "," $1,357.50 ",6/24/2020,6/28/2020,Shipped
771577,325698, Cascade Grovers, $269.00 ," $1,345.00 ", $672.50 ,6/24/2020,6/27/2020,Shipped
455844,325698, Cascade Grovers, $131.00 , $655.00 , $327.50 ,6/24/2020,6/26/2020,Shipped
436002,985245, Quick Bite Convenience Stores, $855.00 ," $4,275.00 "," $2,137.50 ",6/22/2020,6/26/2020,Shipped
935369,152689, YT Restaurants, $138.00 , $690.00 , $345.00 ,6/21/2020,6/26/2020,Shipped
531000,325698, Cascade Grovers, $933.00 ," $4,665.00 "," $2,332.50 ",6/23/2020,6/25/2020,Shipped
688890,985245, Quick Bite Convenience Stores, $177.00 , $885.00 , $442.50 ,6/21/2020,6/25/2020,Shipped
399148,325698, Cascade Grovers, $668.00 ," $3,340.00 "," $1,670.00 ",6/22/2020,6/24/2020,Shipped
389687,985245, Quick Bite Convenience Stores, $527.00 ," $2,635.00 "," $1,317.50 ",6/19/2020,6/23/2020,Shipped
129660,325698, Cascade Grovers, $770.00 ," $3,850.00 "," $1,925.00 ",6/19/2020,6/21/2020,Shipped
764524,325698, Cascade Grovers, $415.00 ," $2,075.00 "," $1,037.50 ",6/18/2020,6/21/2020,Shipped
101665,785432, Park & Eat LLC, $439.00 ," $2,195.00 "," $1,097.50 ",6/17/2020,6/21/2020,Shipped
744298,452584, Acme Grocery Stores, $996.00 ," $4,980.00 "," $2,490.00 ",6/18/2020,6/20/2020,Shipped
756310,325698, Cascade Grovers, $929.00 ," $4,645.00 "," $2,322.50 ",6/18/2020,6/20/2020,Shipped
498728,985245, Quick Bite Convenience Stores, $284.00 ," $1,420.00 ", $710.00 ,6/17/2020,6/20/2020,Shipped
710463,325698, Cascade Grovers, $747.00 ," $3,735.00 "," $1,867.50 ",6/17/2020,6/19/2020,Shipped
812634,325698, Cascade Grovers, $481.00 ," $2,405.00 "," $1,202.50 ",6/17/2020,6/19/2020,Shipped
532406,452584, Acme Grocery Stores, $393.00 ," $1,965.00 ", $982.50 ,6/16/2020,6/18/2020,Shipped
767970,985245, Quick Bite Convenience Stores, $201.00 ," $1,005.00 ", $502.50 ,6/14/2020,6/18/2020,Shipped
909027,152689, YT Restaurants, $780.00 ," $3,900.00 "," $1,950.00 ",6/13/2020,6/18/2020,Shipped
287331,325698, Cascade Grovers, $242.00 ," $1,210.00 ", $605.00 ,6/15/2020,6/17/2020,Shipped
694947,325698, Cascade Grovers, $762.00 ," $3,810.00 "," $1,905.00 ",6/13/2020,6/16/2020,Shipped
809843,985245, Quick Bite Convenience Stores, $844.00 ," $4,220.00 "," $2,110.00 ",6/12/2020,6/16/2020,Shipped
454334,785432, Park & Eat LLC, $635.00 ," $3,175.00 "," $1,587.50 ",6/11/2020,6/15/2020,Shipped
514170,452584, Acme Grocery Stores, $71.00 , $355.00 , $177.50 ,6/12/2020,6/14/2020,Shipped
728478,325698, Cascade Grovers, $929.00 ," $4,645.00 "," $2,322.50 ",6/12/2020,6/14/2020,Shipped
729477,985245, Quick Bite Convenience Stores, $291.00 ," $1,455.00 ", $727.50 ,6/11/2020,6/14/2020,Shipped
423275,985245, Quick Bite Convenience Stores, $882.00 ," $4,410.00 "," $2,205.00 ",6/10/2020,6/14/2020,Shipped
455404,985245, Quick Bite Convenience Stores, $193.00 , $965.00 , $482.50 ,6/10/2020,6/14/2020,Shipped
698027,152689, YT Restaurants, $263.00 ," $1,315.00 ", $657.50 ,6/9/2020,6/14/2020,Shipped
299720,325698, Cascade Grovers, $477.00 ," $2,385.00 "," $1,192.50 ",6/11/2020,6/13/2020,Shipped
415384,985245, Quick Bite Convenience Stores, $917.00 ," $4,585.00 "," $2,292.50 ",6/10/2020,6/13/2020,Shipped
268071,785432, Park & Eat LLC, $760.00 ," $3,800.00 "," $1,900.00 ",6/9/2020,6/13/2020,Shipped
249727,152689, YT Restaurants, $618.00 ," $3,090.00 "," $1,545.00 ",6/7/2020,6/12/2020,Shipped
202402,152689, YT Restaurants, $858.00 ," $4,290.00 "," $2,145.00 ",6/6/2020,6/12/2020,Shipped
191395,325698, Cascade Grovers, $352.00 ," $1,760.00 ", $880.00 ,6/9/2020,6/11/2020,Shipped
260020,325698, Cascade Grovers, $128.00 , $640.00 , $320.00 ,6/9/2020,6/11/2020,Shipped
177313,325698, Cascade Grovers, $467.00 ," $2,335.00 "," $1,167.50 ",6/8/2020,6/10/2020,Shipped
373450,785432, Park & Eat LLC, $952.00 ," $4,760.00 "," $2,380.00 ",6/5/2020,6/10/2020,Shipped
842078,152689, YT Restaurants, $301.00 ," $1,505.00 ", $752.50 ,6/5/2020,6/10/2020,Shipped
224208,785432, Park & Eat LLC, $85.00 , $425.00 , $212.50 ,6/4/2020,6/9/2020,Shipped
163968,985245, Quick Bite Convenience Stores, $347.00 ," $1,735.00 ", $867.50 ,6/4/2020,6/8/2020,Shipped
436627,325698, Cascade Grovers, $105.00 , $525.00 , $262.50 ,6/5/2020,6/7/2020,Shipped
988512,985245, Quick Bite Convenience Stores, $985.00 ," $4,925.00 "," $2,462.50 ",6/3/2020,6/7/2020,Shipped
473495,985245, Quick Bite Convenience Stores, $201.00 ," $1,005.00 ", $502.50 ,6/3/2020,6/6/2020,Shipped
288173,152689, YT Restaurants, $184.00 , $920.00 , $460.00 ,6/1/2020,6/6/2020,Shipped
164605,452584, Acme Grocery Stores, $638.00 ," $3,190.00 "," $1,595.00 ",6/3/2020,6/5/2020,Shipped
981188,325698, Cascade Grovers, $292.00 ," $1,460.00 ", $730.00 ,6/2/2020,6/5/2020,Shipped
329845,985245, Quick Bite Convenience Stores, $978.00 ," $4,890.00 "," $2,445.00 ",6/1/2020,6/5/2020,Shipped
366820,985245, Quick Bite Convenience Stores, $932.00 ," $4,660.00 "," $2,330.00 ",6/1/2020,6/5/2020,Shipped
732908,152689, YT Restaurants, $100.00 , $500.00 , $250.00 ,5/31/2020,6/5/2020,Shipped
953290,325698, Cascade Grovers, $372.00 ," $1,860.00 ", $930.00 ,6/2/2020,6/4/2020,Shipped
799032,985245, Quick Bite Convenience Stores, $347.00 ," $1,735.00 ", $867.50 ,5/31/2020,6/4/2020,Shipped
656266,152689, YT Restaurants, $919.00 ," $4,595.00 "," $2,297.50 ",5/29/2020,6/3/2020,Shipped
291825,985245, Quick Bite Convenience Stores, $355.00 ," $1,775.00 ", $887.50 ,5/29/2020,6/2/2020,Shipped
218945,152689, YT Restaurants, $89.00 , $445.00 , $222.50 ,5/28/2020,6/2/2020,Shipped
233677,985245, Quick Bite Convenience Stores, $589.00 ," $2,945.00 "," $1,472.50 ",5/28/2020,6/1/2020,Shipped
239778,785432, Park & Eat LLC, $919.00 ," $4,595.00 "," $2,297.50 ",5/28/2020,6/1/2020,Shipped
105474,152689, YT Restaurants, $778.00 ," $3,890.00 "," $1,945.00 ",5/27/2020,6/1/2020,Shipped
307671,325698, Cascade Grovers, $625.00 ," $3,125.00 "," $1,562.50 ",5/28/2020,5/31/2020,Shipped
518860,785432, Park & Eat LLC, $570.00 ," $2,850.00 "," $1,425.00 ",5/26/2020,5/31/2020,Shipped
422559,452584, Acme Grocery Stores, $301.00 ," $1,505.00 ", $752.50 ,5/28/2020,5/30/2020,Shipped
410990,985245, Quick Bite Convenience Stores, $971.00 ," $4,855.00 "," $2,427.50 ",5/26/2020,5/30/2020,Shipped
950950,785432, Park & Eat LLC, $648.00 ," $3,240.00 "," $1,620.00 ",5/26/2020,5/30/2020,Shipped
953313,785432, Park & Eat LLC, $944.00 ," $4,720.00 "," $2,360.00 ",5/25/2020,5/30/2020,Shipped
595599,152689, YT Restaurants, $347.00 ," $1,735.00 ", $867.50 ,5/24/2020,5/29/2020,Shipped
207346,325698, Cascade Grovers, $116.00 , $580.00 , $290.00 ,5/25/2020,5/28/2020,Shipped
429471,985245, Quick Bite Convenience Stores, $251.00 ," $1,255.00 ", $627.50 ,5/24/2020,5/28/2020,Shipped
787981,985245, Quick Bite Convenience Stores, $987.00 ," $4,935.00 "," $2,467.50 ",5/24/2020,5/28/2020,Shipped
248870,452584, Acme Grocery Stores, $841.00 ," $4,205.00 "," $2,102.50 ",5/25/2020,5/27/2020,Shipped
796202,325698, Cascade Grovers, $972.00 ," $4,860.00 "," $2,430.00 ",5/24/2020,5/26/2020,Shipped
544547,985245, Quick Bite Convenience Stores, $136.00 , $680.00 , $340.00 ,5/22/2020,5/26/2020,Shipped
213185,785432, Park & Eat LLC, $652.00 ," $3,260.00 "," $1,630.00 ",5/21/2020,5/26/2020,Shipped
678357,325698, Cascade Grovers, $906.00 ," $4,530.00 "," $2,265.00 ",5/23/2020,5/25/2020,Shipped
172220,985245, Quick Bite Convenience Stores, $929.00 ," $4,645.00 "," $2,322.50 ",5/22/2020,5/25/2020,Shipped
542236,985245, Quick Bite Convenience Stores, $358.00 ," $1,790.00 ", $895.00 ,5/21/2020,5/25/2020,Shipped
832396,785432, Park & Eat LLC, $145.00 , $725.00 , $362.50 ,5/20/2020,5/25/2020,Shipped
967534,452584, Acme Grocery Stores, $299.00 ," $1,495.00 ", $747.50 ,5/21/2020,5/23/2020,Shipped
981658,325698, Cascade Grovers, $465.00 ," $2,325.00 "," $1,162.50 ",5/21/2020,5/23/2020,Shipped
229468,785432, Park & Eat LLC, $736.00 ," $3,680.00 "," $1,840.00 ",5/18/2020,5/23/2020,Shipped
130163,152689, YT Restaurants, $402.00 ," $2,010.00 "," $1,005.00 ",5/18/2020,5/23/2020,Shipped
582390,985245, Quick Bite Convenience Stores, $165.00 , $825.00 , $412.50 ,5/18/2020,5/22/2020,Shipped
196411,785432, Park & Eat LLC, $660.00 ," $3,300.00 "," $1,650.00 ",5/17/2020,5/22/2020,Shipped
520826,152689, YT Restaurants, $73.00 , $365.00 , $182.50 ,5/17/2020,5/22/2020,Shipped
134307,325698, Cascade Grovers, $420.00 ," $2,100.00 "," $1,050.00 ",5/19/2020,5/21/2020,Shipped
820195,785432, Park & Eat LLC, $760.00 ," $3,800.00 "," $1,900.00 ",5/16/2020,5/21/2020,Shipped
584927,325698, Cascade Grovers, $393.00 ," $1,965.00 ", $982.50 ,5/18/2020,5/20/2020,Shipped
320352,325698, Cascade Grovers, $157.00 , $785.00 , $392.50 ,5/18/2020,5/20/2020,Shipped
391405,325698, Cascade Grovers, $668.00 ," $3,340.00 "," $1,670.00 ",5/17/2020,5/20/2020,Shipped
122681,152689, YT Restaurants, $410.00 ," $2,050.00 "," $1,025.00 ",5/15/2020,5/20/2020,Shipped
700915,452584, Acme Grocery Stores, $535.00 ," $2,675.00 "," $1,337.50 ",5/17/2020,5/19/2020,Shipped
238810,985245, Quick Bite Convenience Stores, $583.00 ," $2,915.00 "," $1,457.50 ",5/15/2020,5/19/2020,Shipped
232580,152689, YT Restaurants, $734.00 ," $3,670.00 "," $1,835.00 ",5/14/2020,5/19/2020,Shipped
170943,152689, YT Restaurants, $908.00 ," $4,540.00 "," $2,270.00 ",5/14/2020,5/19/2020,Shipped
600264,452584, Acme Grocery Stores, $171.00 , $855.00 , $427.50 ,5/16/2020,5/18/2020,Shipped
603783,325698, Cascade Grovers, $120.00 , $600.00 , $300.00 ,5/15/2020,5/17/2020,Shipped
470754,325698, Cascade Grovers, $767.00 ," $3,835.00 "," $1,917.50 ",5/14/2020,5/16/2020,Shipped
517276,325698, Cascade Grovers, $338.00 ," $1,690.00 ", $845.00 ,5/14/2020,5/16/2020,Shipped
371569,325698, Cascade Grovers, $483.00 ," $2,415.00 "," $1,207.50 ",5/13/2020,5/16/2020,Shipped
750783,325698, Cascade Grovers, $590.00 ," $2,950.00 "," $1,475.00 ",5/13/2020,5/16/2020,Shipped
591837,785432, Park & Eat LLC, $417.00 ," $2,085.00 "," $1,042.50 ",5/12/2020,5/16/2020,Shipped
689105,785432, Park & Eat LLC, $110.00 , $550.00 , $275.00 ,5/11/2020,5/16/2020,Shipped
378436,325698, Cascade Grovers, $613.00 ," $3,065.00 "," $1,532.50 ",5/13/2020,5/15/2020,Shipped
676406,325698, Cascade Grovers, $798.00 ," $3,990.00 "," $1,995.00 ",5/13/2020,5/15/2020,Shipped
519978,325698, Cascade Grovers, $458.00 ," $2,290.00 "," $1,145.00 ",5/12/2020,5/15/2020,Shipped
764722,985245, Quick Bite Convenience Stores, $727.00 ," $3,635.00 "," $1,817.50 ",5/12/2020,5/15/2020,Shipped
640601,985245, Quick Bite Convenience Stores, $708.00 ," $3,540.00 "," $1,770.00 ",5/11/2020,5/15/2020,Shipped
299284,785432, Park & Eat LLC, $244.00 ," $1,220.00 ", $610.00 ,5/10/2020,5/15/2020,Shipped
268020,152689, YT Restaurants, $928.00 ," $4,640.00 "," $2,320.00 ",5/10/2020,5/15/2020,Shipped
879753,152689, YT Restaurants, $837.00 ," $4,185.00 "," $2,092.50 ",5/10/2020,5/15/2020,Shipped
936152,452584, Acme Grocery Stores, $944.00 ," $4,720.00 "," $2,360.00 ",5/12/2020,5/14/2020,Shipped
499713,325698, Cascade Grovers, $89.00 , $445.00 , $222.50 ,5/12/2020,5/14/2020,Shipped
310825,985245, Quick Bite Convenience Stores, $194.00 , $970.00 , $485.00 ,5/10/2020,5/14/2020,Shipped
620545,985245, Quick Bite Convenience Stores, $259.00 ," $1,295.00 ", $647.50 ,5/10/2020,5/14/2020,Shipped
840653,785432, Park & Eat LLC, $807.00 ," $4,035.00 "," $2,017.50 ",5/10/2020,5/14/2020,Shipped
873814,785432, Park & Eat LLC, $876.00 ," $4,380.00 "," $2,190.00 ",5/9/2020,5/14/2020,Shipped
173278,785432, Park & Eat LLC, $965.00 ," $4,825.00 "," $2,412.50 ",5/9/2020,5/14/2020,Shipped
386913,152689, YT Restaurants, $394.00 ," $1,970.00 ", $985.00 ,5/9/2020,5/14/2020,Shipped
506853,325698, Cascade Grovers, $991.00 ," $4,955.00 "," $2,477.50 ",5/11/2020,5/13/2020,Shipped
415925,325698, Cascade Grovers, $100.00 , $500.00 , $250.00 ,5/10/2020,5/13/2020,Shipped
191172,325698, Cascade Grovers, $921.00 ," $4,605.00 "," $2,302.50 ",5/10/2020,5/12/2020,Shipped
606742,985245, Quick Bite Convenience Stores, $231.00 ," $1,155.00 ", $577.50 ,5/7/2020,5/11/2020,Shipped
747197,152689, YT Restaurants, $827.00 ," $4,135.00 "," $2,067.50 ",5/6/2020,5/11/2020,Shipped
713339,452584, Acme Grocery Stores, $620.00 ," $3,100.00 "," $1,550.00 ",5/8/2020,5/10/2020,Shipped
551265,452584, Acme Grocery Stores, $448.00 ," $2,240.00 "," $1,120.00 ",5/6/2020,5/8/2020,Shipped
410992,985245, Quick Bite Convenience Stores, $140.00 , $700.00 , $350.00 ,5/4/2020,5/8/2020,Shipped
663743,785432, Park & Eat LLC, $695.00 ," $3,475.00 "," $1,737.50 ",5/3/2020,5/8/2020,Shipped
569081,325698, Cascade Grovers, $904.00 ," $4,520.00 "," $2,260.00 ",5/4/2020,5/7/2020,Shipped
599823,785432, Park & Eat LLC, $652.00 ," $3,260.00 "," $1,630.00 ",5/2/2020,5/6/2020,Shipped
382007,985245, Quick Bite Convenience Stores, $397.00 ," $1,985.00 ", $992.50 ,5/1/2020,5/5/2020,Shipped
371872,152689, YT Restaurants, $80.00 , $400.00 , $200.00 ,4/29/2020,5/4/2020,Shipped
807234,325698, Cascade Grovers, $686.00 ," $3,430.00 "," $1,715.00 ",5/1/2020,5/3/2020,Shipped
132449,325698, Cascade Grovers, $439.00 ," $2,195.00 "," $1,097.50 ",4/30/2020,5/2/2020,Shipped
374306,152689, YT Restaurants, $914.00 ," $4,570.00 "," $2,285.00 ",4/27/2020,5/2/2020,Shipped
559957,325698, Cascade Grovers, $423.00 ," $2,115.00 "," $1,057.50 ",4/29/2020,5/1/2020,Shipped
172236,152689, YT Restaurants, $549.00 ," $2,745.00 "," $1,372.50 ",4/26/2020,5/1/2020,Shipped
109121,785432, Park & Eat LLC, $731.00 ," $3,655.00 "," $1,827.50 ",4/25/2020,4/30/2020,Shipped
779128,785432, Park & Eat LLC, $420.00 ," $2,100.00 "," $1,050.00 ",4/25/2020,4/30/2020,Shipped
460966,325698, Cascade Grovers, $636.00 ," $3,180.00 "," $1,590.00 ",4/27/2020,4/29/2020,Shipped
360458,152689, YT Restaurants, $197.00 , $985.00 , $492.50 ,4/24/2020,4/29/2020,Shipped
661051,325698, Cascade Grovers, $737.00 ," $3,685.00 "," $1,842.50 ",4/26/2020,4/28/2020,Shipped
388109,325698, Cascade Grovers, $280.00 ," $1,400.00 ", $700.00 ,4/26/2020,4/28/2020,Shipped
611909,325698, Cascade Grovers, $679.00 ," $3,395.00 "," $1,697.50 ",4/26/2020,4/28/2020,Shipped
408351,325698, Cascade Grovers, $94.00 , $470.00 , $235.00 ,4/25/2020,4/28/2020,Shipped
187524,785432, Park & Eat LLC, $444.00 ," $2,220.00 "," $1,110.00 ",4/24/2020,4/28/2020,Shipped
261881,785432, Park & Eat LLC, $417.00 ," $2,085.00 "," $1,042.50 ",4/23/2020,4/28/2020,Shipped
284399,152689, YT Restaurants, $495.00 ," $2,475.00 "," $1,237.50 ",4/23/2020,4/28/2020,Shipped
909954,152689, YT Restaurants, $520.00 ," $2,600.00 "," $1,300.00 ",4/23/2020,4/28/2020,Shipped
321694,985245, Quick Bite Convenience Stores, $86.00 , $430.00 , $215.00 ,4/23/2020,4/27/2020,Shipped
104862,785432, Park & Eat LLC, $762.00 ," $3,810.00 "," $1,905.00 ",4/22/2020,4/27/2020,Shipped
696812,785432, Park & Eat LLC, $313.00 ," $1,565.00 ", $782.50 ,4/22/2020,4/27/2020,Shipped
838685,152689, YT Restaurants, $977.00 ," $4,885.00 "," $2,442.50 ",4/22/2020,4/27/2020,Shipped
426160,325698, Cascade Grovers, $364.00 ," $1,820.00 ", $910.00 ,4/24/2020,4/26/2020,Shipped
654577,785432, Park & Eat LLC, $675.00 ," $3,375.00 "," $1,687.50 ",4/22/2020,4/26/2020,Shipped
500420,152689, YT Restaurants, $493.00 ," $2,465.00 "," $1,232.50 ",4/21/2020,4/26/2020,Shipped
173213,452584, Acme Grocery Stores, $261.00 ," $1,305.00 ", $652.50 ,4/23/2020,4/25/2020,Shipped
323501,985245, Quick Bite Convenience Stores, $155.00 , $775.00 , $387.50 ,4/21/2020,4/25/2020,Shipped
923988,985245, Quick Bite Convenience Stores, $558.00 ," $2,790.00 "," $1,395.00 ",4/21/2020,4/25/2020,Shipped
354693,152689, YT Restaurants, $348.00 ," $1,740.00 ", $870.00 ,4/20/2020,4/25/2020,Shipped
669186,152689, YT Restaurants, $341.00 ," $1,705.00 ", $852.50 ,4/20/2020,4/25/2020,Shipped
620319,152689, YT Restaurants, $461.00 ," $2,305.00 "," $1,152.50 ",4/20/2020,4/25/2020,Shipped
461009,152689, YT Restaurants, $872.00 ," $4,360.00 "," $2,180.00 ",4/20/2020,4/25/2020,Shipped
531762,325698, Cascade Grovers, $347.00 ," $1,735.00 ", $867.50 ,4/22/2020,4/24/2020,Shipped
763307,325698, Cascade Grovers, $388.00 ," $1,940.00 ", $970.00 ,4/22/2020,4/24/2020,Shipped
301082,325698, Cascade Grovers, $142.00 , $710.00 , $355.00 ,4/22/2020,4/24/2020,Shipped
361731,152689, YT Restaurants, $189.00 , $945.00 , $472.50 ,4/19/2020,4/24/2020,Shipped
542374,785432, Park & Eat LLC, $329.00 ," $1,645.00 ", $822.50 ,4/18/2020,4/23/2020,Shipped
192478,785432, Park & Eat LLC, $151.00 , $755.00 , $377.50 ,4/18/2020,4/23/2020,Shipped
964066,452584, Acme Grocery Stores, $488.00 ," $2,440.00 "," $1,220.00 ",4/20/2020,4/22/2020,Shipped
185297,325698, Cascade Grovers, $478.00 ," $2,390.00 "," $1,195.00 ",4/19/2020,4/21/2020,Shipped
398594,325698, Cascade Grovers, $187.00 , $935.00 , $467.50 ,4/18/2020,4/20/2020,Shipped
826644,325698, Cascade Grovers, $142.00 , $710.00 , $355.00 ,4/17/2020,4/20/2020,Shipped
414602,325698, Cascade Grovers, $917.00 ," $4,585.00 "," $2,292.50 ",4/17/2020,4/20/2020,Shipped
952948,985245, Quick Bite Convenience Stores, $854.00 ," $4,270.00 "," $2,135.00 ",4/17/2020,4/20/2020,Shipped
435904,985245, Quick Bite Convenience Stores, $389.00 ," $1,945.00 ", $972.50 ,4/16/2020,4/20/2020,Shipped
386531,985245, Quick Bite Convenience Stores, $364.00 ," $1,820.00 ", $910.00 ,4/16/2020,4/20/2020,Shipped
433581,325698, Cascade Grovers, $992.00 ," $4,960.00 "," $2,480.00 ",4/17/2020,4/19/2020,Shipped
928769,785432, Park & Eat LLC, $658.00 ," $3,290.00 "," $1,645.00 ",4/15/2020,4/19/2020,Shipped
832868,152689, YT Restaurants, $120.00 , $600.00 , $300.00 ,4/14/2020,4/19/2020,Shipped
502853,985245, Quick Bite Convenience Stores, $226.00 ," $1,130.00 ", $565.00 ,4/14/2020,4/18/2020,Shipped
241710,452584, Acme Grocery Stores, $453.00 ," $2,265.00 "," $1,132.50 ",4/15/2020,4/17/2020,Shipped
473527,452584, Acme Grocery Stores, $963.00 ," $4,815.00 "," $2,407.50 ",4/15/2020,4/17/2020,Shipped
923293,325698, Cascade Grovers, $355.00 ," $1,775.00 ", $887.50 ,4/15/2020,4/17/2020,Shipped
351731,985245, Quick Bite Convenience Stores, $131.00 , $655.00 , $327.50 ,4/13/2020,4/16/2020,Shipped
715072,985245, Quick Bite Convenience Stores, $115.00 , $575.00 , $287.50 ,4/12/2020,4/16/2020,Shipped
543974,785432, Park & Eat LLC, $703.00 ," $3,515.00 "," $1,757.50 ",4/11/2020,4/15/2020,Shipped
233879,152689, YT Restaurants, $217.00 ," $1,085.00 ", $542.50 ,4/10/2020,4/15/2020,Shipped
969109,785432, Park & Eat LLC, $939.00 ," $4,695.00 "," $2,347.50 ",4/10/2020,4/14/2020,Shipped
601857,152689, YT Restaurants, $515.00 ," $2,575.00 "," $1,287.50 ",4/9/2020,4/14/2020,Shipped
402176,152689, YT Restaurants, $254.00 ," $1,270.00 ", $635.00 ,4/8/2020,4/13/2020,Shipped
831419,325698, Cascade Grovers, $647.00 ," $3,235.00 "," $1,617.50 ",4/10/2020,4/12/2020,Shipped
640149,325698, Cascade Grovers, $695.00 ," $3,475.00 "," $1,737.50 ",4/10/2020,4/12/2020,Shipped
175073,785432, Park & Eat LLC, $771.00 ," $3,855.00 "," $1,927.50 ",4/7/2020,4/12/2020,Shipped
801534,325698, Cascade Grovers, $199.00 , $995.00 , $497.50 ,4/9/2020,4/11/2020,Shipped
218003,985245, Quick Bite Convenience Stores, $729.00 ," $3,645.00 "," $1,822.50 ",4/7/2020,4/11/2020,Shipped
173662,325698, Cascade Grovers, $285.00 ," $1,425.00 ", $712.50 ,4/8/2020,4/10/2020,Shipped
358526,325698, Cascade Grovers, $739.00 ," $3,695.00 "," $1,847.50 ",4/7/2020,4/10/2020,Shipped
941144,452584, Acme Grocery Stores, $57.00 , $285.00 , $142.50 ,4/7/2020,4/9/2020,Shipped
320111,325698, Cascade Grovers, $808.00 ," $4,040.00 "," $2,020.00 ",4/7/2020,4/9/2020,Shipped
538767,325698, Cascade Grovers, $630.00 ," $3,150.00 "," $1,575.00 ",4/7/2020,4/9/2020,Shipped
721461,325698, Cascade Grovers, $565.00 ," $2,825.00 "," $1,412.50 ",4/6/2020,4/9/2020,Shipped
930679,152689, YT Restaurants, $490.00 ," $2,450.00 "," $1,225.00 ",4/4/2020,4/9/2020,Shipped
853652,785432, Park & Eat LLC, $758.00 ," $3,790.00 "," $1,895.00 ",4/3/2020,4/8/2020,Shipped
882976,785432, Park & Eat LLC, $523.00 ," $2,615.00 "," $1,307.50 ",4/3/2020,4/8/2020,Shipped
416372,152689, YT Restaurants, $924.00 ," $4,620.00 "," $2,310.00 ",4/3/2020,4/8/2020,Shipped
560443,325698, Cascade Grovers, $497.00 ," $2,485.00 "," $1,242.50 ",4/5/2020,4/7/2020,Shipped
357734,985245, Quick Bite Convenience Stores, $817.00 ," $4,085.00 "," $2,042.50 ",4/3/2020,4/7/2020,Shipped
167763,785432, Park & Eat LLC, $169.00 , $845.00 , $422.50 ,4/1/2020,4/6/2020,Shipped
649356,152689, YT Restaurants, $646.00 ," $3,230.00 "," $1,615.00 ",4/1/2020,4/6/2020,Shipped
854531,985245, Quick Bite Convenience Stores, $243.00 ," $1,215.00 ", $607.50 ,4/2/2020,4/5/2020,Shipped
191433,985245, Quick Bite Convenience Stores, $732.00 ," $3,660.00 "," $1,830.00 ",4/1/2020,4/5/2020,Shipped
714562,785432, Park & Eat LLC, $91.00 , $455.00 , $227.50 ,3/31/2020,4/5/2020,Shipped
358913,325698, Cascade Grovers, $223.00 ," $1,115.00 ", $557.50 ,4/2/2020,4/4/2020,Shipped
150922,785432, Park & Eat LLC, $568.00 ," $2,840.00 "," $1,420.00 ",3/31/2020,4/4/2020,Shipped
932230,985245, Quick Bite Convenience Stores, $762.00 ," $3,810.00 "," $1,905.00 ",3/30/2020,4/3/2020,Shipped
686407,152689, YT Restaurants, $913.00 ," $4,565.00 "," $2,282.50 ",3/29/2020,4/3/2020,Shipped
568415,785432, Park & Eat LLC, $768.00 ," $3,840.00 "," $1,920.00 ",3/28/2020,4/2/2020,Shipped
331076,785432, Park & Eat LLC, $394.00 ," $1,970.00 ", $985.00 ,3/28/2020,4/2/2020,Shipped
377177,152689, YT Restaurants, $471.00 ," $2,355.00 "," $1,177.50 ",3/28/2020,4/2/2020,Shipped
252977,325698, Cascade Grovers, $947.00 ," $4,735.00 "," $2,367.50 ",3/30/2020,4/1/2020,Shipped
312542,785432, Park & Eat LLC, $94.00 , $470.00 , $235.00 ,3/27/2020,4/1/2020,Shipped
957333,452584, Acme Grocery Stores, $736.00 ," $3,680.00 "," $1,840.00 ",3/29/2020,3/31/2020,Shipped
803609,325698, Cascade Grovers, $657.00 ," $3,285.00 "," $1,642.50 ",3/28/2020,3/31/2020,Shipped
224655,785432, Park & Eat LLC, $830.00 ," $4,150.00 "," $2,075.00 ",3/26/2020,3/31/2020,Shipped
308180,452584, Acme Grocery Stores, $989.00 ," $4,945.00 "," $2,472.50 ",3/28/2020,3/30/2020,Shipped
841911,785432, Park & Eat LLC, $406.00 ," $2,030.00 "," $1,015.00 ",3/25/2020,3/30/2020,Shipped
825843,152689, YT Restaurants, $786.00 ," $3,930.00 "," $1,965.00 ",3/22/2020,3/27/2020,Shipped
767604,985245, Quick Bite Convenience Stores, $967.00 ," $4,835.00 "," $2,417.50 ",3/22/2020,3/26/2020,Shipped
427825,152689, YT Restaurants, $557.00 ," $2,785.00 "," $1,392.50 ",3/21/2020,3/26/2020,Shipped
635236,152689, YT Restaurants, $805.00 ," $4,025.00 "," $2,012.50 ",3/21/2020,3/26/2020,Shipped
167709,325698, Cascade Grovers, $400.00 ," $2,000.00 "," $1,000.00 ",3/23/2020,3/25/2020,Shipped
586519,325698, Cascade Grovers, $402.00 ," $2,010.00 "," $1,005.00 ",3/22/2020,3/25/2020,Shipped
713267,985245, Quick Bite Convenience Stores, $718.00 ," $3,590.00 "," $1,795.00 ",3/21/2020,3/25/2020,Shipped
830168,152689, YT Restaurants, $259.00 ," $1,295.00 ", $647.50 ,3/19/2020,3/24/2020,Shipped
825338,985245, Quick Bite Convenience Stores, $686.00 ," $3,430.00 "," $1,715.00 ",3/20/2020,3/23/2020,Shipped
499693,452584, Acme Grocery Stores, $243.00 ," $1,215.00 ", $607.50 ,3/20/2020,3/22/2020,Shipped
545675,785432, Park & Eat LLC, $264.00 ," $1,320.00 ", $660.00 ,3/18/2020,3/22/2020,Shipped
777140,785432, Park & Eat LLC, $653.00 ," $3,265.00 "," $1,632.50 ",3/17/2020,3/22/2020,Shipped
746956,325698, Cascade Grovers, $59.00 , $295.00 , $147.50 ,3/19/2020,3/21/2020,Shipped
738854,452584, Acme Grocery Stores, $619.00 ," $3,095.00 "," $1,547.50 ",3/18/2020,3/20/2020,Shipped
395187,985245, Quick Bite Convenience Stores, $981.00 ," $4,905.00 "," $2,452.50 ",3/16/2020,3/20/2020,Shipped
934639,785432, Park & Eat LLC, $697.00 ," $3,485.00 "," $1,742.50 ",3/15/2020,3/20/2020,Shipped
767547,152689, YT Restaurants, $329.00 ," $1,645.00 ", $822.50 ,3/15/2020,3/20/2020,Shipped
277600,152689, YT Restaurants, $815.00 ," $4,075.00 "," $2,037.50 ",3/15/2020,3/20/2020,Shipped
848114,152689, YT Restaurants, $215.00 ," $1,075.00 ", $537.50 ,3/14/2020,3/19/2020,Shipped
632013,325698, Cascade Grovers, $269.00 ," $1,345.00 ", $672.50 ,3/16/2020,3/18/2020,Shipped
939569,325698, Cascade Grovers, $565.00 ," $2,825.00 "," $1,412.50 ",3/16/2020,3/18/2020,Shipped
782815,785432, Park & Eat LLC, $903.00 ," $4,515.00 "," $2,257.50 ",3/11/2020,3/16/2020,Shipped
815459,785432, Park & Eat LLC, $742.00 ," $3,710.00 "," $1,855.00 ",3/11/2020,3/16/2020,Shipped
514936,785432, Park & Eat LLC, $995.00 ," $4,975.00 "," $2,487.50 ",3/11/2020,3/16/2020,Shipped
512936,985245, Quick Bite Convenience Stores, $612.00 ," $3,060.00 "," $1,530.00 ",3/11/2020,3/15/2020,Shipped
629045,785432, Park & Eat LLC, $194.00 , $970.00 , $485.00 ,3/11/2020,3/15/2020,Shipped
777008,452584, Acme Grocery Stores, $615.00 ," $3,075.00 "," $1,537.50 ",3/12/2020,3/14/2020,Shipped
203432,985245, Quick Bite Convenience Stores, $449.00 ," $2,245.00 "," $1,122.50 ",3/11/2020,3/14/2020,Shipped
663066,985245, Quick Bite Convenience Stores, $180.00 , $900.00 , $450.00 ,3/10/2020,3/14/2020,Shipped
230054,785432, Park & Eat LLC, $207.00 ," $1,035.00 ", $517.50 ,3/5/2020,3/10/2020,Shipped
413435,325698, Cascade Grovers, $185.00 , $925.00 , $462.50 ,3/6/2020,3/8/2020,Shipped
195875,152689, YT Restaurants, $766.00 ," $3,830.00 "," $1,915.00 ",3/3/2020,3/8/2020,Shipped
554811,152689, YT Restaurants, $83.00 , $415.00 , $207.50 ,3/3/2020,3/8/2020,Shipped
893502,325698, Cascade Grovers, $137.00 , $685.00 , $342.50 ,3/4/2020,3/7/2020,Shipped
901430,985245, Quick Bite Convenience Stores, $489.00 ," $2,445.00 "," $1,222.50 ",3/3/2020,3/7/2020,Shipped
320915,452584, Acme Grocery Stores, $756.00 ," $3,780.00 "," $1,890.00 ",3/4/2020,3/6/2020,Shipped
276011,985245, Quick Bite Convenience Stores, $562.00 ," $2,810.00 "," $1,405.00 ",3/2/2020,3/5/2020,Shipped
165685,785432, Park & Eat LLC, $183.00 , $915.00 , $457.50 ,3/1/2020,3/5/2020,Shipped
286175,785432, Park & Eat LLC, $362.00 ," $1,810.00 ", $905.00 ,3/1/2020,3/5/2020,Shipped
344527,325698, Cascade Grovers, $947.00 ," $4,735.00 "," $2,367.50 ",3/1/2020,3/3/2020,Shipped
513342,325698, Cascade Grovers, $579.00 ," $2,895.00 "," $1,447.50 ",2/29/2020,3/2/2020,Shipped
949009,785432, Park & Eat LLC, $528.00 ," $2,640.00 "," $1,320.00 ",2/26/2020,3/2/2020,Shipped
317562,985245, Quick Bite Convenience Stores, $50.00 , $250.00 , $125.00 ,2/26/2020,3/1/2020,Shipped
450083,985245, Quick Bite Convenience Stores, $183.00 , $915.00 , $457.50 ,2/26/2020,3/1/2020,Shipped
805581,985245, Quick Bite Convenience Stores, $110.00 , $550.00 , $275.00 ,2/26/2020,2/29/2020,Shipped
440770,985245, Quick Bite Convenience Stores, $133.00 , $665.00 , $332.50 ,2/25/2020,2/29/2020,Shipped
969316,785432, Park & Eat LLC, $434.00 ," $2,170.00 "," $1,085.00 ",2/24/2020,2/29/2020,Shipped
682658,152689, YT Restaurants, $625.00 ," $3,125.00 "," $1,562.50 ",2/23/2020,2/29/2020,Shipped
498260,985245, Quick Bite Convenience Stores, $607.00 ," $3,035.00 "," $1,517.50 ",2/24/2020,2/28/2020,Shipped
700857,452584, Acme Grocery Stores, $737.00 ," $3,685.00 "," $1,842.50 ",2/25/2020,2/27/2020,Shipped
375115,325698, Cascade Grovers, $668.00 ," $3,340.00 "," $1,670.00 ",2/25/2020,2/27/2020,Shipped
222957,325698, Cascade Grovers, $706.00 ," $3,530.00 "," $1,765.00 ",2/25/2020,2/27/2020,Shipped
341318,325698, Cascade Grovers, $445.00 ," $2,225.00 "," $1,112.50 ",2/24/2020,2/26/2020,Shipped
804780,325698, Cascade Grovers, $890.00 ," $4,450.00 "," $2,225.00 ",2/23/2020,2/26/2020,Shipped
259314,152689, YT Restaurants, $545.00 ," $2,725.00 "," $1,362.50 ",2/21/2020,2/26/2020,Shipped
310764,325698, Cascade Grovers, $549.00 ," $2,745.00 "," $1,372.50 ",2/23/2020,2/25/2020,Shipped
131682,985245, Quick Bite Convenience Stores, $114.00 , $570.00 , $285.00 ,2/21/2020,2/25/2020,Shipped
802709,785432, Park & Eat LLC, $377.00 ," $1,885.00 ", $942.50 ,2/20/2020,2/25/2020,Shipped
432100,325698, Cascade Grovers, $458.00 ," $2,290.00 "," $1,145.00 ",2/22/2020,2/24/2020,Shipped
850734,325698, Cascade Grovers, $605.00 ," $3,025.00 "," $1,512.50 ",2/22/2020,2/24/2020,Shipped
750278,325698, Cascade Grovers, $623.00 ," $3,115.00 "," $1,557.50 ",2/22/2020,2/24/2020,Shipped
945519,152689, YT Restaurants, $492.00 ," $2,460.00 "," $1,230.00 ",2/19/2020,2/24/2020,Shipped
302424,785432, Park & Eat LLC, $961.00 ," $4,805.00 "," $2,402.50 ",2/18/2020,2/23/2020,Shipped
282889,152689, YT Restaurants, $826.00 ," $4,130.00 "," $2,065.00 ",2/18/2020,2/23/2020,Shipped
235471,325698, Cascade Grovers, $837.00 ," $4,185.00 "," $2,092.50 ",2/20/2020,2/22/2020,Shipped
842629,985245, Quick Bite Convenience Stores, $214.00 ," $1,070.00 ", $535.00 ,2/18/2020,2/22/2020,Shipped
338721,785432, Park & Eat LLC, $300.00 ," $1,500.00 ", $750.00 ,2/17/2020,2/22/2020,Shipped
231482,152689, YT Restaurants, $669.00 ," $3,345.00 "," $1,672.50 ",2/17/2020,2/22/2020,Shipped
697621,325698, Cascade Grovers, $845.00 ," $4,225.00 "," $2,112.50 ",2/19/2020,2/21/2020,Shipped
534136,785432, Park & Eat LLC, $111.00 , $555.00 , $277.50 ,2/17/2020,2/21/2020,Shipped
855934,325698, Cascade Grovers, $618.00 ," $3,090.00 "," $1,545.00 ",2/17/2020,2/19/2020,Shipped
565417,785432, Park & Eat LLC, $472.00 ," $2,360.00 "," $1,180.00 ",2/14/2020,2/19/2020,Shipped
713020,325698, Cascade Grovers, $486.00 ," $2,430.00 "," $1,215.00 ",2/16/2020,2/18/2020,Shipped
329127,152689, YT Restaurants, $913.00 ," $4,565.00 "," $2,282.50 ",2/13/2020,2/18/2020,Shipped
397238,325698, Cascade Grovers, $596.00 ," $2,980.00 "," $1,490.00 ",2/15/2020,2/17/2020,Shipped
668846,785432, Park & Eat LLC, $228.00 ," $1,140.00 ", $570.00 ,2/13/2020,2/17/2020,Shipped
663142,152689, YT Restaurants, $150.00 , $750.00 , $375.00 ,2/12/2020,2/17/2020,Shipped
926175,152689, YT Restaurants, $586.00 ," $2,930.00 "," $1,465.00 ",2/12/2020,2/17/2020,Shipped
912560,152689, YT Restaurants, $327.00 ," $1,635.00 ", $817.50 ,2/12/2020,2/17/2020,Shipped
235610,785432, Park & Eat LLC, $203.00 ," $1,015.00 ", $507.50 ,2/11/2020,2/16/2020,Shipped
335368,325698, Cascade Grovers, $327.00 ," $1,635.00 ", $817.50 ,2/13/2020,2/15/2020,Shipped
658237,152689, YT Restaurants, $130.00 , $650.00 , $325.00 ,2/10/2020,2/15/2020,Shipped
136212,325698, Cascade Grovers, $472.00 ," $2,360.00 "," $1,180.00 ",2/12/2020,2/14/2020,Shipped
881762,985245, Quick Bite Convenience Stores, $129.00 , $645.00 , $322.50 ,2/11/2020,2/14/2020,Shipped
572245,985245, Quick Bite Convenience Stores, $995.00 ," $4,975.00 "," $2,487.50 ",2/10/2020,2/14/2020,Shipped
253217,985245, Quick Bite Convenience Stores, $273.00 ," $1,365.00 ", $682.50 ,2/10/2020,2/14/2020,Shipped
442909,985245, Quick Bite Convenience Stores, $633.00 ," $3,165.00 "," $1,582.50 ",2/9/2020,2/13/2020,Shipped
825602,325698, Cascade Grovers, $933.00 ," $4,665.00 "," $2,332.50 ",2/9/2020,2/11/2020,Shipped
103614,152689, YT Restaurants, $644.00 ," $3,220.00 "," $1,610.00 ",2/6/2020,2/11/2020,Shipped
203725,325698, Cascade Grovers, $747.00 ," $3,735.00 "," $1,867.50 ",2/8/2020,2/10/2020,Shipped
157449,985245, Quick Bite Convenience Stores, $534.00 ," $2,670.00 "," $1,335.00 ",2/7/2020,2/10/2020,Shipped
285891,785432, Park & Eat LLC, $382.00 ," $1,910.00 ", $955.00 ,2/6/2020,2/10/2020,Shipped
444570,452584, Acme Grocery Stores, $191.00 , $955.00 , $477.50 ,2/7/2020,2/9/2020,Shipped
925608,985245, Quick Bite Convenience Stores, $550.00 ," $2,750.00 "," $1,375.00 ",2/6/2020,2/9/2020,Shipped
971586,785432, Park & Eat LLC, $183.00 , $915.00 , $457.50 ,2/5/2020,2/9/2020,Shipped
113464,152689, YT Restaurants, $551.00 ," $2,755.00 "," $1,377.50 ",2/4/2020,2/9/2020,Shipped
121840,152689, YT Restaurants, $75.00 , $375.00 , $187.50 ,2/3/2020,2/9/2020,Shipped
344202,785432, Park & Eat LLC, $295.00 ," $1,475.00 ", $737.50 ,2/3/2020,2/8/2020,Shipped
549690,785432, Park & Eat LLC, $280.00 ," $1,400.00 ", $700.00 ,2/2/2020,2/7/2020,Shipped
128794,152689, YT Restaurants, $189.00 , $945.00 , $472.50 ,2/2/2020,2/7/2020,Shipped
378622,325698, Cascade Grovers, $175.00 , $875.00 , $437.50 ,2/3/2020,2/5/2020,Shipped
184929,785432, Park & Eat LLC, $569.00 ," $2,845.00 "," $1,422.50 ",1/31/2020,2/5/2020,Shipped
782590,152689, YT Restaurants, $633.00 ," $3,165.00 "," $1,582.50 ",1/31/2020,2/5/2020,Shipped
302295,985245, Quick Bite Convenience Stores, $279.00 ," $1,395.00 ", $697.50 ,1/31/2020,2/4/2020,Shipped
782218,985245, Quick Bite Convenience Stores, $781.00 ," $3,905.00 "," $1,952.50 ",1/31/2020,2/4/2020,Shipped
709527,985245, Quick Bite Convenience Stores, $998.00 ," $4,990.00 "," $2,495.00 ",1/30/2020,2/3/2020,Shipped
447104,985245, Quick Bite Convenience Stores, $962.00 ," $4,810.00 "," $2,405.00 ",1/30/2020,2/3/2020,Shipped
336154,152689, YT Restaurants, $898.00 ," $4,490.00 "," $2,245.00 ",1/29/2020,2/3/2020,Shipped
682397,152689, YT Restaurants, $371.00 ," $1,855.00 ", $927.50 ,1/29/2020,2/3/2020,Shipped
132602,985245, Quick Bite Convenience Stores, $253.00 ," $1,265.00 ", $632.50 ,1/29/2020,2/2/2020,Shipped
213063,985245, Quick Bite Convenience Stores, $453.00 ," $2,265.00 "," $1,132.50 ",1/29/2020,2/1/2020,Shipped
169147,325698, Cascade Grovers, $482.00 ," $2,410.00 "," $1,205.00 ",1/29/2020,1/31/2020,Shipped
352974,985245, Quick Bite Convenience Stores, $66.00 , $330.00 , $165.00 ,1/27/2020,1/31/2020,Shipped
766445,785432, Park & Eat LLC, $983.00 ," $4,915.00 "," $2,457.50 ",1/26/2020,1/31/2020,Shipped
983386,325698, Cascade Grovers, $543.00 ," $2,715.00 "," $1,357.50 ",1/27/2020,1/30/2020,Shipped
184110,985245, Quick Bite Convenience Stores, $693.00 ," $3,465.00 "," $1,732.50 ",1/26/2020,1/29/2020,Shipped
457086,985245, Quick Bite Convenience Stores, $667.00 ," $3,335.00 "," $1,667.50 ",1/25/2020,1/29/2020,Shipped
264994,452584, Acme Grocery Stores, $932.00 ," $4,660.00 "," $2,330.00 ",1/25/2020,1/27/2020,Shipped
571302,325698, Cascade Grovers, $168.00 , $840.00 , $420.00 ,1/23/2020,1/25/2020,Shipped
109350,152689, YT Restaurants, $386.00 ," $1,930.00 ", $965.00 ,1/20/2020,1/25/2020,Shipped
634736,785432, Park & Eat LLC, $434.00 ," $2,170.00 "," $1,085.00 ",1/19/2020,1/24/2020,Shipped
641612,152689, YT Restaurants, $512.00 ," $2,560.00 "," $1,280.00 ",1/18/2020,1/23/2020,Shipped
785065,452584, Acme Grocery Stores, $927.00 ," $4,635.00 "," $2,317.50 ",1/20/2020,1/22/2020,Shipped
170961,985245, Quick Bite Convenience Stores, $206.00 ," $1,030.00 ", $515.00 ,1/19/2020,1/22/2020,Shipped
422763,785432, Park & Eat LLC, $561.00 ," $2,805.00 "," $1,402.50 ",1/18/2020,1/22/2020,Shipped
763516,325698, Cascade Grovers, $928.00 ," $4,640.00 "," $2,320.00 ",1/18/2020,1/21/2020,Shipped
175701,985245, Quick Bite Convenience Stores, $818.00 ," $4,090.00 "," $2,045.00 ",1/17/2020,1/21/2020,Shipped
525673,785432, Park & Eat LLC, $67.00 , $335.00 , $167.50 ,1/16/2020,1/21/2020,Shipped
474787,152689, YT Restaurants, $418.00 ," $2,090.00 "," $1,045.00 ",1/16/2020,1/21/2020,Shipped
872578,152689, YT Restaurants, $960.00 ," $4,800.00 "," $2,400.00 ",1/15/2020,1/21/2020,Shipped
351430,452584, Acme Grocery Stores, $170.00 , $850.00 , $425.00 ,1/18/2020,1/20/2020,Shipped
416151,325698, Cascade Grovers, $725.00 ," $3,625.00 "," $1,812.50 ",1/18/2020,1/20/2020,Shipped
482898,325698, Cascade Grovers, $960.00 ," $4,800.00 "," $2,400.00 ",1/18/2020,1/20/2020,Shipped
960203,985245, Quick Bite Convenience Stores, $675.00 ," $3,375.00 "," $1,687.50 ",1/16/2020,1/20/2020,Shipped
833478,785432, Park & Eat LLC, $626.00 ," $3,130.00 "," $1,565.00 ",1/15/2020,1/20/2020,Shipped
164255,452584, Acme Grocery Stores, $612.00 ," $3,060.00 "," $1,530.00 ",1/17/2020,1/19/2020,Shipped
889695,152689, YT Restaurants, $744.00 ," $3,720.00 "," $1,860.00 ",1/14/2020,1/19/2020,Shipped
903587,152689, YT Restaurants, $655.00 ," $3,275.00 "," $1,637.50 ",1/14/2020,1/19/2020,Shipped
486986,785432, Park & Eat LLC, $717.00 ," $3,585.00 "," $1,792.50 ",1/13/2020,1/18/2020,Shipped
601990,785432, Park & Eat LLC, $659.00 ," $3,295.00 "," $1,647.50 ",1/13/2020,1/18/2020,Shipped
911498,325698, Cascade Grovers, $961.00 ," $4,805.00 "," $2,402.50 ",1/15/2020,1/17/2020,Shipped
172252,325698, Cascade Grovers, $254.00 ," $1,270.00 ", $635.00 ,1/15/2020,1/17/2020,Shipped
114259,325698, Cascade Grovers, $921.00 ," $4,605.00 "," $2,302.50 ",1/15/2020,1/17/2020,Shipped
454549,785432, Park & Eat LLC, $356.00 ," $1,780.00 ", $890.00 ,1/11/2020,1/16/2020,Shipped
571372,985245, Quick Bite Convenience Stores, $445.00 ," $2,225.00 "," $1,112.50 ",1/11/2020,1/15/2020,Shipped
390803,452584, Acme Grocery Stores, $989.00 ," $4,945.00 "," $2,472.50 ",1/12/2020,1/14/2020,Shipped
404256,152689, YT Restaurants, $129.00 , $645.00 , $322.50 ,1/9/2020,1/14/2020,Shipped
656940,325698, Cascade Grovers, $178.00 , $890.00 , $445.00 ,1/11/2020,1/13/2020,Shipped
166647,152689, YT Restaurants, $707.00 ," $3,535.00 "," $1,767.50 ",1/7/2020,1/13/2020,Shipped
320588,325698, Cascade Grovers, $321.00 ," $1,605.00 ", $802.50 ,1/10/2020,1/12/2020,Shipped
325135,785432, Park & Eat LLC, $621.00 ," $3,105.00 "," $1,552.50 ",1/8/2020,1/12/2020,Shipped
743373,152689, YT Restaurants, $623.00 ," $3,115.00 "," $1,557.50 ",1/7/2020,1/12/2020,Shipped
181706,985245, Quick Bite Convenience Stores, $104.00 , $520.00 , $260.00 ,1/8/2020,1/11/2020,Shipped
910271,152689, YT Restaurants, $254.00 ," $1,270.00 ", $635.00 ,1/6/2020,1/11/2020,Shipped
341474,325698, Cascade Grovers, $326.00 ," $1,630.00 ", $815.00 ,1/7/2020,1/10/2020,Shipped
466025,985245, Quick Bite Convenience Stores, $227.00 ," $1,135.00 ", $567.50 ,1/7/2020,1/10/2020,Shipped
385875,985245, Quick Bite Convenience Stores, $54.00 , $270.00 , $135.00 ,1/6/2020,1/10/2020,Shipped
305997,785432, Park & Eat LLC, $715.00 ," $3,575.00 "," $1,787.50 ",1/5/2020,1/10/2020,Shipped
249085,152689, YT Restaurants, $430.00 ," $2,150.00 "," $1,075.00 ",1/4/2020,1/9/2020,Shipped
453608,985245, Quick Bite Convenience Stores, $788.00 ," $3,940.00 "," $1,970.00 ",1/5/2020,1/8/2020,Shipped
357764,785432, Park & Eat LLC, $432.00 ," $2,160.00 "," $1,080.00 ",1/3/2020,1/8/2020,Shipped
384336,152689, YT Restaurants, $447.00 ," $2,235.00 "," $1,117.50 ",1/3/2020,1/8/2020,Shipped
651366,985245, Quick Bite Convenience Stores, $282.00 ," $1,410.00 ", $705.00 ,1/4/2020,1/7/2020,Shipped
822640,152689, YT Restaurants, $451.00 ," $2,255.00 "," $1,127.50 ",1/2/2020,1/7/2020,Shipped
157876,325698, Cascade Grovers, $191.00 , $955.00 , $477.50 ,1/4/2020,1/6/2020,Shipped
569763,985245, Quick Bite Convenience Stores, $743.00 ," $3,715.00 "," $1,857.50 ",1/1/2020,1/4/2020,Shipped
138128,452584, Acme Grocery Stores, $717.00 ," $3,585.00 "," $1,792.50 ",1/1/2020,1/3/2020,Shipped
,,,,,,,,
,,,,,,,,
,,,,,,,,
,,,,,,,,
,,,,,,,,
,,,`,,,,,
